[{"titleKR":"픽미업","titleJP":"レア度★1の英雄として生き残る方法~PICK ME UP~","seriesName":"PICK ME UP","totalSales":357985928,"platforms":[{"name":"piccoma","sales":357985928}],"dailyAvg":997175.29,"peakDate":"2025-12-25","peakSales":5231238,"firstDate":"2025-03-01","lastDate":"2026-02-22","monthlyTrend":[{"month":"2025-03","sales":17549248},{"month":"2025-04","sales":20577834},{"month":"2025-05","sales":39225694},{"month":"2025-06","sales":32989522},{"month":"2025-07","sales":31191974},{"month":"2025-08","sales":38175684},{"month":"2025-09","sales":34232854},{"month":"2025-10","sales":30641294},{"month":"2025-11","sales":34362532},{"month":"2025-12","sales":30111021},{"month":"2026-01","sales":29310003},{"month":"2026-02","sales":19618268}]},{"titleKR":"철혈검가 사냥개의 회귀","titleJP":"回帰した鉄血の猟犬","seriesName":"鉄血の猟犬","totalSales":240990969,"platforms":[{"name":"piccoma","sales":240990969}],"dailyAvg":671284.04,"peakDate":"2025-05-23","peakSales":4413107,"firstDate":"2025-03-01","lastDate":"2026-02-22","monthlyTrend":[{"month":"2025-03","sales":21453827},{"month":"2025-04","sales":19431035},{"month":"2025-05","sales":26703462},{"month":"2025-06","sales":20501148},{"month":"2025-07","sales":20076676},{"month":"2025-08","sales":23883065},{"month":"2025-09","sales":21822326},{"month":"2025-10","sales":21605489},{"month":"2025-11","sales":20693744},{"month":"2025-12","sales":18202559},{"month":"2026-01","sales":14871321},{"month":"2026-02","sales":11746317}]},{"titleKR":"절대역(완전판)","titleJP":"融点～とけあい～[完全版]","seriesName":"融点","totalSales":220752474,"platforms":[{"name":"Mechacomic","sales":128901375},{"name":"cmoa","sales":83061588},{"name":"piccoma","sales":8169891},{"name":"Renta","sales":544245},{"name":"DMM","sales":48150},{"name":"まんが王国","sales":27225}],"dailyAvg":614909.4,"peakDate":"2025-03-02","peakSales":3488331,"firstDate":"2025-03-01","lastDate":"2026-02-22","monthlyTrend":[{"month":"2025-03","sales":38711902},{"month":"2025-04","sales":30318171},{"month":"2025-05","sales":26878653},{"month":"2025-06","sales":22666129},{"month":"2025-07","sales":20085631},{"month":"2025-08","sales":20647093},{"month":"2025-09","sales":14200352},{"month":"2025-10","sales":13768408},{"month":"2025-11","sales":10793042},{"month":"2025-12","sales":7008818},{"month":"2026-01","sales":9343363},{"month":"2026-02","sales":6330912}]},{"titleKR":"4000년 만에 귀환한 대마도사","titleJP":"4000年ぶりに帰還した大魔導士","seriesName":"4000年ぶりに帰還","totalSales":166561806,"platforms":[{"name":"piccoma","sales":166561806}],"dailyAvg":465256.44,"peakDate":"2025-07-12","peakSales":4299583,"firstDate":"2025-03-01","lastDate":"2026-02-22","monthlyTrend":[{"month":"2025-03","sales":1450669},{"month":"2025-04","sales":1516374},{"month":"2025-05","sales":1479384},{"month":"2025-06","sales":1658612},{"month":"2025-07","sales":54197738},{"month":"2025-08","sales":20799324},{"month":"2025-09","sales":14811230},{"month":"2025-10","sales":13679915},{"month":"2025-11","sales":21898959},{"month":"2025-12","sales":18244528},{"month":"2026-01","sales":10747139},{"month":"2026-02","sales":6077934}]},{"titleKR":"절대역","titleJP":"融点～とけあい～","seriesName":"融点","totalSales":134686981,"platforms":[{"name":"Mechacomic","sales":112910475},{"name":"piccoma","sales":16755510},{"name":"cmoa","sales":4909921},{"name":"まんが王国","sales":63000},{"name":"Renta","sales":43725},{"name":"DMM","sales":4350}],"dailyAvg":375172.65,"peakDate":"2025-05-11","peakSales":1738115,"firstDate":"2025-03-01","lastDate":"2026-02-22","monthlyTrend":[{"month":"2025-03","sales":16701375},{"month":"2025-04","sales":16948428},{"month":"2025-05","sales":17639740},{"month":"2025-06","sales":15266666},{"month":"2025-07","sales":12901292},{"month":"2025-08","sales":13534864},{"month":"2025-09","sales":10706918},{"month":"2025-10","sales":8497664},{"month":"2025-11","sales":6985738},{"month":"2025-12","sales":4893027},{"month":"2026-01","sales":5522960},{"month":"2026-02","sales":5088309}]},{"titleKR":"결혼 장사","titleJP":"結婚商売","seriesName":"結婚商売","totalSales":109924171,"platforms":[{"name":"Mechacomic","sales":106329180},{"name":"piccoma","sales":3564331},{"name":"cmoa","sales":30660}],"dailyAvg":312284.58,"peakDate":"2025-07-21","peakSales":4460340,"firstDate":"2025-03-01","lastDate":"2026-02-22","monthlyTrend":[{"month":"2025-03","sales":6587700},{"month":"2025-04","sales":5827620},{"month":"2025-05","sales":5329620},{"month":"2025-06","sales":6559140},{"month":"2025-07","sales":41371920},{"month":"2025-08","sales":15405000},{"month":"2025-09","sales":7285140},{"month":"2025-10","sales":7131660},{"month":"2025-11","sales":3525000},{"month":"2025-12","sales":3157080},{"month":"2026-01","sales":3249275},{"month":"2026-02","sales":4495016}]},{"titleKR":"악녀는 모래시계를 되돌린다","titleJP":"悪女は砂時計をひっくり返す","seriesName":"悪女は砂時計","totalSales":99300990,"platforms":[{"name":"LINEマンガ","sales":59203916},{"name":"Mechacomic","sales":33141483},{"name":"piccoma","sales":5205527},{"name":"cmoa","sales":557235},{"name":"U-NEXT","sales":517402},{"name":"ebookjapan","sales":458476},{"name":"Renta","sales":168822},{"name":"まんが王国","sales":31720},{"name":"DMM","sales":16409}],"dailyAvg":278154.03,"peakDate":"2025-04-01","peakSales":50869807,"firstDate":"2025-03-01","lastDate":"2026-02-22","monthlyTrend":[{"month":"2025-03","sales":16089208},{"month":"2025-04","sales":56057022},{"month":"2025-05","sales":7301944},{"month":"2025-06","sales":4390048},{"month":"2025-07","sales":3270332},{"month":"2025-08","sales":3406118},{"month":"2025-09","sales":1451861},{"month":"2025-10","sales":959713},{"month":"2025-11","sales":721752},{"month":"2025-12","sales":823683},{"month":"2026-01","sales":610366},{"month":"2026-02","sales":4218943}]},{"titleKR":"재앙급 영웅님이 귀환하셨다","titleJP":"災いクラスの俺様英雄の帰還","seriesName":"災いクラス","totalSales":99208854,"platforms":[{"name":"piccoma","sales":99208854}],"dailyAvg":276347.78,"peakDate":"2025-04-19","peakSales":1447505,"firstDate":"2025-03-01","lastDate":"2026-02-22","monthlyTrend":[{"month":"2025-03","sales":11680231},{"month":"2025-04","sales":10924229},{"month":"2025-05","sales":10746434},{"month":"2025-06","sales":8976784},{"month":"2025-07","sales":7735761},{"month":"2025-08","sales":9576737},{"month":"2025-09","sales":8382552},{"month":"2025-10","sales":7371585},{"month":"2025-11","sales":6344474},{"month":"2025-12","sales":6148468},{"month":"2026-01","sales":7633859},{"month":"2026-02","sales":3687740}]},{"titleKR":"랭커의 귀환","titleJP":"ランカーの帰還","seriesName":"ランカーの帰還","totalSales":82792566,"platforms":[{"name":"piccoma","sales":73249238},{"name":"Mechacomic","sales":8927838},{"name":"U-NEXT","sales":550647},{"name":"Renta","sales":29524},{"name":"DMM","sales":26474},{"name":"まんが王国","sales":8845}],"dailyAvg":230619.96,"peakDate":"2025-03-05","peakSales":1663922,"firstDate":"2025-03-01","lastDate":"2026-02-22","monthlyTrend":[{"month":"2025-03","sales":10787457},{"month":"2025-04","sales":8800075},{"month":"2025-05","sales":8257221},{"month":"2025-06","sales":8022602},{"month":"2025-07","sales":8082748},{"month":"2025-08","sales":6912913},{"month":"2025-09","sales":5873880},{"month":"2025-10","sales":6057937},{"month":"2025-11","sales":4767495},{"month":"2025-12","sales":5728423},{"month":"2026-01","sales":5734835},{"month":"2026-02","sales":3766980}]},{"titleKR":"권왕전생","titleJP":"拳王に転生した最強大魔導士","seriesName":"最強大魔導士","totalSales":82304135,"platforms":[{"name":"piccoma","sales":82304135}],"dailyAvg":229259.43,"peakDate":"2025-08-07","peakSales":1161293,"firstDate":"2025-03-01","lastDate":"2026-02-22","monthlyTrend":[{"month":"2025-03","sales":6665039},{"month":"2025-04","sales":7494804},{"month":"2025-05","sales":8534580},{"month":"2025-06","sales":7034207},{"month":"2025-07","sales":7982320},{"month":"2025-08","sales":7427440},{"month":"2025-09","sales":6659433},{"month":"2025-10","sales":5809386},{"month":"2025-11","sales":5581100},{"month":"2025-12","sales":7367077},{"month":"2026-01","sales":7668024},{"month":"2026-02","sales":4080725}]},{"titleKR":"악녀 황후의 전속 시녀","titleJP":"悪女皇后の専属侍女","seriesName":"専属侍女","totalSales":75284251,"platforms":[{"name":"Mechacomic","sales":40990048},{"name":"piccoma","sales":32302904},{"name":"cmoa","sales":886330},{"name":"U-NEXT","sales":559980},{"name":"Renta","sales":484111},{"name":"まんが王国","sales":35990},{"name":"DMM","sales":24888}],"dailyAvg":209705.43,"peakDate":"2025-08-15","peakSales":581510,"firstDate":"2025-03-01","lastDate":"2026-02-22","monthlyTrend":[{"month":"2025-03","sales":7639876},{"month":"2025-04","sales":6787631},{"month":"2025-05","sales":8424125},{"month":"2025-06","sales":8509658},{"month":"2025-07","sales":7508994},{"month":"2025-08","sales":9600587},{"month":"2025-09","sales":7075323},{"month":"2025-10","sales":6508586},{"month":"2025-11","sales":6205218},{"month":"2025-12","sales":3379362},{"month":"2026-01","sales":2455548},{"month":"2026-02","sales":1189343}]},{"titleKR":"도굴왕","titleJP":"盗掘王","seriesName":"盗掘王","totalSales":71021296,"platforms":[{"name":"LINEマンガ","sales":34898954},{"name":"piccoma","sales":32429770},{"name":"Mechacomic","sales":2804536},{"name":"U-NEXT","sales":458842},{"name":"ebookjapan","sales":279868},{"name":"cmoa","sales":121022},{"name":"まんが王国","sales":18361},{"name":"Renta","sales":9699},{"name":"DMM","sales":244}],"dailyAvg":197830.91,"peakDate":"2025-04-01","peakSales":15291743,"firstDate":"2025-03-01","lastDate":"2026-02-22","monthlyTrend":[{"month":"2025-03","sales":5923360},{"month":"2025-04","sales":18576740},{"month":"2025-05","sales":8782141},{"month":"2025-06","sales":12529293},{"month":"2025-07","sales":6726140},{"month":"2025-08","sales":4633339},{"month":"2025-09","sales":2345768},{"month":"2025-10","sales":1961973},{"month":"2025-11","sales":2245624},{"month":"2025-12","sales":2183842},{"month":"2026-01","sales":3171122},{"month":"2026-02","sales":1941954}]},{"titleKR":"결혼 장사2 : 잊히지 않을 노래","titleJP":"結婚商売２～忘れられない詩～","seriesName":"","totalSales":60707725,"platforms":[{"name":"Mechacomic","sales":60707725}],"dailyAvg":328149.86,"peakDate":"2025-08-16","peakSales":3881215,"firstDate":"2025-08-15","lastDate":"2026-02-22","monthlyTrend":[{"month":"2025-08","sales":20374445},{"month":"2025-09","sales":10579985},{"month":"2025-10","sales":8545810},{"month":"2025-11","sales":6797895},{"month":"2025-12","sales":5224180},{"month":"2026-01","sales":5093140},{"month":"2026-02","sales":4092270}]},{"titleKR":"당신이 나를 가지려 하신다면","titleJP":"あなたが私を手に入れたいのなら","seriesName":"","totalSales":55837665,"platforms":[{"name":"Mechacomic","sales":55837665}],"dailyAvg":204533.57,"peakDate":"2025-07-16","peakSales":2780570,"firstDate":"2025-05-19","lastDate":"2026-02-22","monthlyTrend":[{"month":"2025-05","sales":8980010},{"month":"2025-06","sales":5415605},{"month":"2025-07","sales":18274945},{"month":"2025-08","sales":5912725},{"month":"2025-09","sales":7926230},{"month":"2025-10","sales":2786940},{"month":"2025-11","sales":1992510},{"month":"2025-12","sales":2008110},{"month":"2026-01","sales":1311310},{"month":"2026-02","sales":1229280}]},{"titleKR":"SSS급 랭커 회귀하다","titleJP":"SSS級ランカー回帰する","seriesName":"SSS級ランカー回帰","totalSales":53600311,"platforms":[{"name":"piccoma","sales":53600311}],"dailyAvg":149304.49,"peakDate":"2025-09-18","peakSales":1058965,"firstDate":"2025-03-01","lastDate":"2026-02-22","monthlyTrend":[{"month":"2025-03","sales":3750483},{"month":"2025-04","sales":6322912},{"month":"2025-05","sales":5182876},{"month":"2025-06","sales":3626283},{"month":"2025-07","sales":1107022},{"month":"2025-08","sales":1715625},{"month":"2025-09","sales":7389246},{"month":"2025-10","sales":4386614},{"month":"2025-11","sales":4474020},{"month":"2025-12","sales":10156893},{"month":"2026-01","sales":3511775},{"month":"2026-02","sales":1976562}]},{"titleKR":"절대역 [판면/화별]","titleJP":"融点～とけあい～ [完全版]【分冊版】","seriesName":"融点 【分冊版】","totalSales":45663480,"platforms":[{"name":"cmoa","sales":37750140},{"name":"LINEマンガ","sales":4601340},{"name":"ebookjapan","sales":2486880},{"name":"Renta","sales":713160},{"name":"DMM","sales":45540},{"name":"まんが王国","sales":39600},{"name":"Mechacomic","sales":26820}],"dailyAvg":137956.13,"peakDate":"2025-06-01","peakSales":2650500,"firstDate":"2025-03-01","lastDate":"2026-02-22","monthlyTrend":[{"month":"2025-03","sales":5889420},{"month":"2025-04","sales":6304500},{"month":"2025-05","sales":7253460},{"month":"2025-06","sales":6360120},{"month":"2025-07","sales":4315140},{"month":"2025-08","sales":4369140},{"month":"2025-09","sales":2463840},{"month":"2025-10","sales":2546820},{"month":"2025-11","sales":2466180},{"month":"2025-12","sales":1079820},{"month":"2026-01","sales":2145780},{"month":"2026-02","sales":469260}]},{"titleKR":"눈먼 짐승의 시간","titleJP":"盲獣の終わらない夜","seriesName":"","totalSales":45147180,"platforms":[{"name":"Mechacomic","sales":45147180}],"dailyAvg":275287.68,"peakDate":"2025-09-06","peakSales":2800330,"firstDate":"2025-09-05","lastDate":"2026-02-22","monthlyTrend":[{"month":"2025-09","sales":15843295},{"month":"2025-10","sales":7148765},{"month":"2025-11","sales":8894405},{"month":"2025-12","sales":6379750},{"month":"2026-01","sales":3933020},{"month":"2026-02","sales":2947945}]},{"titleKR":"타람타람타람","titleJP":"タランタランタラン~鳴り響く音にのせて~","seriesName":"タランタランタラン","totalSales":44682982,"platforms":[{"name":"Mechacomic","sales":39943593},{"name":"piccoma","sales":3979146},{"name":"cmoa","sales":622139},{"name":"U-NEXT","sales":112423},{"name":"Renta","sales":17324},{"name":"まんが王国","sales":4575},{"name":"DMM","sales":3782}],"dailyAvg":124465.13,"peakDate":"2025-05-07","peakSales":795135,"firstDate":"2025-03-01","lastDate":"2026-02-22","monthlyTrend":[{"month":"2025-03","sales":4985286},{"month":"2025-04","sales":5474811},{"month":"2025-05","sales":6477895},{"month":"2025-06","sales":5540691},{"month":"2025-07","sales":4408409},{"month":"2025-08","sales":2149074},{"month":"2025-09","sales":3710431},{"month":"2025-10","sales":5258318},{"month":"2025-11","sales":3713886},{"month":"2025-12","sales":1422535},{"month":"2026-01","sales":874918},{"month":"2026-02","sales":666728}]},{"titleKR":"감시남편이 죽을 때까지 ","titleJP":"監視夫を駆除するまで","seriesName":"監視夫を駆除","totalSales":43975421,"platforms":[{"name":"Mechacomic","sales":41617860},{"name":"piccoma","sales":2357561}],"dailyAvg":122494.21,"peakDate":"2025-06-27","peakSales":493490,"firstDate":"2025-03-01","lastDate":"2026-02-22","monthlyTrend":[{"month":"2025-03","sales":3625169},{"month":"2025-04","sales":3379461},{"month":"2025-05","sales":2305129},{"month":"2025-06","sales":6287392},{"month":"2025-07","sales":5626884},{"month":"2025-08","sales":4037895},{"month":"2025-09","sales":4031917},{"month":"2025-10","sales":2823324},{"month":"2025-11","sales":2827838},{"month":"2025-12","sales":2645771},{"month":"2026-01","sales":3350267},{"month":"2026-02","sales":3034374}]},{"titleKR":"호수에 던지는 돌멩이","titleJP":"湖に投げられた石ころ ~二度目の人生は私のために~","seriesName":"湖に投げられた石ころ","totalSales":37651396,"platforms":[{"name":"Mechacomic","sales":37651396}],"dailyAvg":106964.19,"peakDate":"2025-06-04","peakSales":919392,"firstDate":"2025-03-01","lastDate":"2026-02-22","monthlyTrend":[{"month":"2025-03","sales":3525312},{"month":"2025-04","sales":9989055},{"month":"2025-05","sales":6639728},{"month":"2025-06","sales":7731750},{"month":"2025-07","sales":3883870},{"month":"2025-08","sales":3332247},{"month":"2025-09","sales":996252},{"month":"2025-10","sales":396195},{"month":"2025-11","sales":418216},{"month":"2025-12","sales":364963},{"month":"2026-01","sales":168116},{"month":"2026-02","sales":205692}]},{"titleKR":"백작가 막내아들은 플레이어","titleJP":"伯爵家の末息子は最強プレイヤー","seriesName":"伯爵家の末息子","totalSales":34092825,"platforms":[{"name":"piccoma","sales":34092825}],"dailyAvg":94966.09,"peakDate":"2025-05-24","peakSales":1384585,"firstDate":"2025-03-01","lastDate":"2026-02-22","monthlyTrend":[{"month":"2025-03","sales":2648387},{"month":"2025-04","sales":3195047},{"month":"2025-05","sales":6724056},{"month":"2025-06","sales":3501909},{"month":"2025-07","sales":3833194},{"month":"2025-08","sales":3450744},{"month":"2025-09","sales":2361020},{"month":"2025-10","sales":1677862},{"month":"2025-11","sales":2789573},{"month":"2025-12","sales":1161901},{"month":"2026-01","sales":1846214},{"month":"2026-02","sales":902918}]},{"titleKR":"학사검전","titleJP":"学士剣典","seriesName":"学士剣典","totalSales":33416067,"platforms":[{"name":"piccoma","sales":33416067}],"dailyAvg":93080.97,"peakDate":"2025-12-18","peakSales":662752,"firstDate":"2025-03-01","lastDate":"2026-02-22","monthlyTrend":[{"month":"2025-03","sales":1844510},{"month":"2025-04","sales":2195831},{"month":"2025-05","sales":774398},{"month":"2025-06","sales":2464382},{"month":"2025-07","sales":3456652},{"month":"2025-08","sales":2688405},{"month":"2025-09","sales":2747486},{"month":"2025-10","sales":2261981},{"month":"2025-11","sales":2767100},{"month":"2025-12","sales":6569168},{"month":"2026-01","sales":4086576},{"month":"2026-02","sales":1559578}]},{"titleKR":"미친개 도련님 만들기","titleJP":"狂犬な彼を貴公子に変えてみせます！","seriesName":"狂犬な彼","totalSales":28337959,"platforms":[{"name":"Mechacomic","sales":20888340},{"name":"piccoma","sales":7449619}],"dailyAvg":78935.82,"peakDate":"2026-02-13","peakSales":488049,"firstDate":"2025-03-01","lastDate":"2026-02-22","monthlyTrend":[{"month":"2025-03","sales":628980},{"month":"2025-04","sales":532680},{"month":"2025-05","sales":2397617},{"month":"2025-06","sales":1747982},{"month":"2025-07","sales":1156603},{"month":"2025-08","sales":1988745},{"month":"2025-09","sales":5334602},{"month":"2025-10","sales":1818793},{"month":"2025-11","sales":1596503},{"month":"2025-12","sales":2581966},{"month":"2026-01","sales":4797468},{"month":"2026-02","sales":3756020}]},{"titleKR":"고양이인데, 늑대가문에 입양당했다?","titleJP":"猫なのにオオカミ一家の養子になりました","seriesName":"猫なのに","totalSales":26830488,"platforms":[{"name":"piccoma","sales":23619143},{"name":"Mechacomic","sales":3076718},{"name":"cmoa","sales":76006},{"name":"U-NEXT","sales":32879},{"name":"Renta","sales":21106},{"name":"まんが王国","sales":4209},{"name":"DMM","sales":427}],"dailyAvg":74736.74,"peakDate":"2025-03-16","peakSales":1110172,"firstDate":"2025-03-01","lastDate":"2026-02-22","monthlyTrend":[{"month":"2025-03","sales":8690937},{"month":"2025-04","sales":4420628},{"month":"2025-05","sales":3126332},{"month":"2025-06","sales":4548378},{"month":"2025-07","sales":2755161},{"month":"2025-08","sales":1068481},{"month":"2025-09","sales":734420},{"month":"2025-10","sales":465907},{"month":"2025-11","sales":324080},{"month":"2025-12","sales":274508},{"month":"2026-01","sales":231658},{"month":"2026-02","sales":189998}]},{"titleKR":"황후 애첩 스캔들","titleJP":"皇后の秘められた男たち","seriesName":"","totalSales":26608400,"platforms":[{"name":"Mechacomic","sales":26608400}],"dailyAvg":858335.48,"peakDate":"2026-01-25","peakSales":2531490,"firstDate":"2026-01-23","lastDate":"2026-02-22","monthlyTrend":[{"month":"2026-01","sales":12934350},{"month":"2026-02","sales":13674050}]},{"titleKR":"악당 가문의 새아가","titleJP":"今世は悪党家門へ嫁入りします！","seriesName":"悪党家門へ嫁入り","totalSales":26239133,"platforms":[{"name":"piccoma","sales":26239133}],"dailyAvg":73089.51,"peakDate":"2025-06-21","peakSales":1341645,"firstDate":"2025-03-01","lastDate":"2026-02-22","monthlyTrend":[{"month":"2025-03","sales":2456888},{"month":"2025-04","sales":2657218},{"month":"2025-05","sales":2257168},{"month":"2025-06","sales":5039555},{"month":"2025-07","sales":2553188},{"month":"2025-08","sales":2050136},{"month":"2025-09","sales":2295907},{"month":"2025-10","sales":4221852},{"month":"2025-11","sales":1526075},{"month":"2025-12","sales":831226},{"month":"2026-01","sales":227919},{"month":"2026-02","sales":122001}]},{"titleKR":"이 시국에 개인교습[판면/화별]","titleJP":"このご時世に家庭教師【分冊版】","seriesName":"家庭教師【分冊版】","totalSales":25532100,"platforms":[{"name":"cmoa","sales":22156200},{"name":"LINEマンガ","sales":1577640},{"name":"DMM（FANZA）","sales":1017720},{"name":"ebookjapan","sales":687840},{"name":"Renta","sales":57840},{"name":"DMM","sales":34860}],"dailyAvg":77370,"peakDate":"2025-07-01","peakSales":491760,"firstDate":"2025-03-01","lastDate":"2026-02-22","monthlyTrend":[{"month":"2025-03","sales":3888900},{"month":"2025-04","sales":3853140},{"month":"2025-05","sales":3682428},{"month":"2025-06","sales":2727072},{"month":"2025-07","sales":2419080},{"month":"2025-08","sales":2275200},{"month":"2025-09","sales":1172820},{"month":"2025-10","sales":1536360},{"month":"2025-11","sales":1246200},{"month":"2025-12","sales":1039920},{"month":"2026-01","sales":1217220},{"month":"2026-02","sales":473760}]},{"titleKR":"내가 버린 남자의 노예가 되었다","titleJP":"私が捨てた男の奴隷になった","seriesName":"","totalSales":25166470,"platforms":[{"name":"cmoa","sales":18137420},{"name":"piccoma","sales":3958010},{"name":"Mechacomic","sales":3067540},{"name":"DMM","sales":3500}],"dailyAvg":119840.33,"peakDate":"2025-09-13","peakSales":440440,"firstDate":"2025-07-24","lastDate":"2026-02-22","monthlyTrend":[{"month":"2025-07","sales":1039990},{"month":"2025-08","sales":4339370},{"month":"2025-09","sales":4256350},{"month":"2025-10","sales":4433800},{"month":"2025-11","sales":2791040},{"month":"2025-12","sales":2963520},{"month":"2026-01","sales":3686200},{"month":"2026-02","sales":1656200}]},{"titleKR":"전남편의 집착을 거절하는 법","titleJP":"元夫の執着を断ち切る方法","seriesName":"元夫の執着","totalSales":25011991,"platforms":[{"name":"Mechacomic","sales":14442177},{"name":"piccoma","sales":10100846},{"name":"cmoa","sales":330681},{"name":"U-NEXT","sales":116998},{"name":"Renta","sales":13359},{"name":"DMM","sales":7930}],"dailyAvg":69671.28,"peakDate":"2025-06-30","peakSales":377836,"firstDate":"2025-03-01","lastDate":"2026-02-22","monthlyTrend":[{"month":"2025-03","sales":1884351},{"month":"2025-04","sales":1885937},{"month":"2025-05","sales":1733864},{"month":"2025-06","sales":3296324},{"month":"2025-07","sales":4351142},{"month":"2025-08","sales":3394558},{"month":"2025-09","sales":1193986},{"month":"2025-10","sales":779612},{"month":"2025-11","sales":1476270},{"month":"2025-12","sales":2773528},{"month":"2026-01","sales":1298899},{"month":"2026-02","sales":943520}]},{"titleKR":"정부는 도망친다","titleJP":"愛人は逃げる","seriesName":"愛人は逃げる","totalSales":24736871,"platforms":[{"name":"piccoma","sales":12722201},{"name":"Mechacomic","sales":11090580},{"name":"cmoa","sales":852900},{"name":"U-NEXT","sales":49140},{"name":"Renta","sales":15810},{"name":"まんが王国","sales":6240}],"dailyAvg":85891.91,"peakDate":"2025-10-13","peakSales":551852,"firstDate":"2025-05-11","lastDate":"2026-02-22","monthlyTrend":[{"month":"2025-05","sales":362760},{"month":"2025-06","sales":634680},{"month":"2025-07","sales":610080},{"month":"2025-08","sales":2060820},{"month":"2025-09","sales":1394610},{"month":"2025-10","sales":8881862},{"month":"2025-11","sales":4627803},{"month":"2025-12","sales":2966346},{"month":"2026-01","sales":1732922},{"month":"2026-02","sales":1464988}]},{"titleKR":"데이지-공작의 혼약자가 되는 법","titleJP":"デイジー～公爵の婚約者になる方法～","seriesName":"デイジー","totalSales":24631577,"platforms":[{"name":"Mechacomic","sales":18310966},{"name":"piccoma","sales":5723251},{"name":"Renta","sales":232076},{"name":"cmoa","sales":187801},{"name":"U-NEXT","sales":137953},{"name":"まんが王国","sales":24991},{"name":"DMM","sales":14539}],"dailyAvg":68611.64,"peakDate":"2025-06-10","peakSales":202896,"firstDate":"2025-03-01","lastDate":"2026-02-22","monthlyTrend":[{"month":"2025-03","sales":2118477},{"month":"2025-04","sales":1787340},{"month":"2025-05","sales":2104457},{"month":"2025-06","sales":3033430},{"month":"2025-07","sales":2672044},{"month":"2025-08","sales":2697204},{"month":"2025-09","sales":2225187},{"month":"2025-10","sales":1592005},{"month":"2025-11","sales":1668751},{"month":"2025-12","sales":1607028},{"month":"2026-01","sales":1920681},{"month":"2026-02","sales":1204973}]},{"titleKR":"부식인","titleJP":"腐食人","seriesName":"腐食人","totalSales":23650415,"platforms":[{"name":"cmoa","sales":9733850},{"name":"LINEマンガ","sales":6352500},{"name":"Mechacomic","sales":3716230},{"name":"piccoma","sales":2787190},{"name":"Renta","sales":805810},{"name":"ebookjapan","sales":172970},{"name":"DMM","sales":81865}],"dailyAvg":65878.59,"peakDate":"2025-06-01","peakSales":2040290,"firstDate":"2025-03-01","lastDate":"2026-02-22","monthlyTrend":[{"month":"2025-03","sales":1020040},{"month":"2025-04","sales":678800},{"month":"2025-05","sales":2238370},{"month":"2025-06","sales":2501800},{"month":"2025-07","sales":3872435},{"month":"2025-08","sales":4574990},{"month":"2025-09","sales":2239140},{"month":"2025-10","sales":1964690},{"month":"2025-11","sales":1421000},{"month":"2025-12","sales":1031380},{"month":"2026-01","sales":1335250},{"month":"2026-02","sales":772520}]},{"titleKR":"결혼장사[완전판] [판면/화별]","titleJP":"結婚商売 [完全版]【分冊版】","seriesName":"結婚商売 【分冊版】","totalSales":20511985,"platforms":[{"name":"cmoa","sales":13348465},{"name":"piccoma","sales":2345200},{"name":"ebookjapan","sales":2294240},{"name":"Mechacomic","sales":1031680},{"name":"Renta","sales":800930},{"name":"LINEマンガ","sales":401570},{"name":"DMM","sales":192400},{"name":"まんが王国","sales":97500}],"dailyAvg":57136.45,"peakDate":"2026-02-15","peakSales":403000,"firstDate":"2025-03-01","lastDate":"2026-02-22","monthlyTrend":[{"month":"2025-03","sales":747110},{"month":"2025-04","sales":782860},{"month":"2025-05","sales":1614860},{"month":"2025-06","sales":2263430},{"month":"2025-07","sales":1982760},{"month":"2025-08","sales":3505190},{"month":"2025-09","sales":2310750},{"month":"2025-10","sales":1514630},{"month":"2025-11","sales":1059500},{"month":"2025-12","sales":1387035},{"month":"2026-01","sales":1535300},{"month":"2026-02","sales":1808560}]},{"titleKR":"새비지 캐슬[완전판]","titleJP":"サベージ・キャッスル ~堕落の迷宮~ 【完全版】","seriesName":"サベージ","totalSales":20344351,"platforms":[{"name":"Mechacomic","sales":14958000},{"name":"piccoma","sales":4906591},{"name":"cmoa","sales":441060},{"name":"Renta","sales":35280},{"name":"DMM","sales":3420}],"dailyAvg":56669.5,"peakDate":"2025-09-10","peakSales":291701,"firstDate":"2025-03-01","lastDate":"2026-02-22","monthlyTrend":[{"month":"2025-03","sales":438420},{"month":"2025-04","sales":1665960},{"month":"2025-05","sales":1936680},{"month":"2025-06","sales":1836660},{"month":"2025-07","sales":2009700},{"month":"2025-08","sales":3315751},{"month":"2025-09","sales":2737938},{"month":"2025-10","sales":2222867},{"month":"2025-11","sales":1850596},{"month":"2025-12","sales":1404687},{"month":"2026-01","sales":640778},{"month":"2026-02","sales":284314}]},{"titleKR":"당신과 나는 사는 세계가 다르다","titleJP":"公爵夫人は逃げる～夫と生きる世界が違い過ぎて～","seriesName":"公爵夫人は逃げる","totalSales":19299790,"platforms":[{"name":"Mechacomic","sales":19299790}],"dailyAvg":54828.95,"peakDate":"2025-11-03","peakSales":350140,"firstDate":"2025-03-01","lastDate":"2026-02-22","monthlyTrend":[{"month":"2025-03","sales":2386991},{"month":"2025-04","sales":1544581},{"month":"2025-05","sales":2063630},{"month":"2025-06","sales":1872944},{"month":"2025-07","sales":441762},{"month":"2025-08","sales":282918},{"month":"2025-09","sales":249917},{"month":"2025-10","sales":1626199},{"month":"2025-11","sales":3126860},{"month":"2025-12","sales":2598722},{"month":"2026-01","sales":1560563},{"month":"2026-02","sales":1544703}]},{"titleKR":"작작 좀 들이대시죠","titleJP":"その執着、いい加減にしてください！","seriesName":"","totalSales":18006377,"platforms":[{"name":"Mechacomic","sales":15600260},{"name":"piccoma","sales":2406117}],"dailyAvg":89140.48,"peakDate":"2025-08-06","peakSales":1109485,"firstDate":"2025-08-05","lastDate":"2026-02-22","monthlyTrend":[{"month":"2025-08","sales":8098480},{"month":"2025-09","sales":2740335},{"month":"2025-10","sales":1370720},{"month":"2025-11","sales":1594316},{"month":"2025-12","sales":1964224},{"month":"2026-01","sales":1341755},{"month":"2026-02","sales":896547}]},{"titleKR":"악녀인데 엄마가 되어버렸다","titleJP":"悪女なのにママになりました","seriesName":"悪女なのにママ","totalSales":17932321,"platforms":[{"name":"piccoma","sales":12195021},{"name":"Mechacomic","sales":4698600},{"name":"cmoa","sales":547680},{"name":"Renta","sales":313420},{"name":"U-NEXT","sales":176400},{"name":"DMM","sales":600},{"name":"まんが王国","sales":600}],"dailyAvg":49950.75,"peakDate":"2025-05-25","peakSales":552376,"firstDate":"2025-03-01","lastDate":"2026-02-22","monthlyTrend":[{"month":"2025-03","sales":443460},{"month":"2025-04","sales":434640},{"month":"2025-05","sales":3246600},{"month":"2025-06","sales":4128291},{"month":"2025-07","sales":1927075},{"month":"2025-08","sales":2962725},{"month":"2025-09","sales":2037236},{"month":"2025-10","sales":541541},{"month":"2025-11","sales":718278},{"month":"2025-12","sales":549464},{"month":"2026-01","sales":539805},{"month":"2026-02","sales":403206}]},{"titleKR":"백룡공작 팬드래건","titleJP":"白龍公爵ペンドラゴン","seriesName":"ペンドラゴン","totalSales":16573411,"platforms":[{"name":"piccoma","sales":16573411}],"dailyAvg":46165.49,"peakDate":"2025-04-09","peakSales":453529,"firstDate":"2025-03-01","lastDate":"2026-02-22","monthlyTrend":[{"month":"2025-03","sales":2214473},{"month":"2025-04","sales":2524683},{"month":"2025-05","sales":982708},{"month":"2025-06","sales":601234},{"month":"2025-07","sales":1217315},{"month":"2025-08","sales":642469},{"month":"2025-09","sales":455904},{"month":"2025-10","sales":328667},{"month":"2025-11","sales":314228},{"month":"2025-12","sales":4935340},{"month":"2026-01","sales":1932950},{"month":"2026-02","sales":423440}]},{"titleKR":"동생을 예쁘게 키웠다","titleJP":"妹を可愛く育てたら大公様に溺愛されました","seriesName":"妹を可愛く","totalSales":15980727,"platforms":[{"name":"piccoma","sales":8949247},{"name":"Mechacomic","sales":6702600},{"name":"cmoa","sales":165300},{"name":"U-NEXT","sales":87720},{"name":"Renta","sales":61820},{"name":"DMM","sales":7200},{"name":"まんが王国","sales":6840}],"dailyAvg":44514.56,"peakDate":"2025-04-12","peakSales":302196,"firstDate":"2025-03-01","lastDate":"2026-02-22","monthlyTrend":[{"month":"2025-03","sales":3692806},{"month":"2025-04","sales":3613734},{"month":"2025-05","sales":2173192},{"month":"2025-06","sales":1935503},{"month":"2025-07","sales":1235145},{"month":"2025-08","sales":645890},{"month":"2025-09","sales":515191},{"month":"2025-10","sales":393097},{"month":"2025-11","sales":337272},{"month":"2025-12","sales":533482},{"month":"2026-01","sales":540526},{"month":"2026-02","sales":364889}]},{"titleKR":"황무지의 봄바람","titleJP":"荒地に吹く春","seriesName":"","totalSales":14868107,"platforms":[{"name":"Mechacomic","sales":14543685},{"name":"piccoma","sales":324422}],"dailyAvg":54863.86,"peakDate":"2025-05-29","peakSales":849550,"firstDate":"2025-05-28","lastDate":"2026-02-22","monthlyTrend":[{"month":"2025-05","sales":2633800},{"month":"2025-06","sales":3271450},{"month":"2025-07","sales":2694900},{"month":"2025-08","sales":2020720},{"month":"2025-09","sales":1244555},{"month":"2025-10","sales":751985},{"month":"2025-11","sales":679571},{"month":"2025-12","sales":591907},{"month":"2026-01","sales":492564},{"month":"2026-02","sales":486655}]},{"titleKR":"절대역 [판면/권별]","titleJP":"融点 [完全版](巻)","seriesName":"融点 [完全版](巻)","totalSales":13814625,"platforms":[{"name":"cmoa","sales":13691375},{"name":"まんが王国","sales":123250}],"dailyAvg":55038.35,"peakDate":"2025-10-12","peakSales":724625,"firstDate":"2025-05-18","lastDate":"2026-02-22","monthlyTrend":[{"month":"2025-05","sales":1201900},{"month":"2025-06","sales":1838550},{"month":"2025-07","sales":1473900},{"month":"2025-08","sales":1391450},{"month":"2025-09","sales":563550},{"month":"2025-10","sales":2827100},{"month":"2025-11","sales":806650},{"month":"2025-12","sales":1735275},{"month":"2026-01","sales":1141550},{"month":"2026-02","sales":834700}]},{"titleKR":"쌍둥이 남매의 뉴라이프","titleJP":"双子兄妹のニューライフ","seriesName":"双子兄妹","totalSales":13778730,"platforms":[{"name":"piccoma","sales":5162164},{"name":"Mechacomic","sales":4153330},{"name":"LINEマンガ","sales":3207223},{"name":"cmoa","sales":608829},{"name":"Renta","sales":314462},{"name":"U-NEXT","sales":187399},{"name":"ebookjapan","sales":82410},{"name":"DMM","sales":36984},{"name":"まんが王国","sales":25929}],"dailyAvg":38380.86,"peakDate":"2025-05-01","peakSales":964659,"firstDate":"2025-03-01","lastDate":"2026-02-22","monthlyTrend":[{"month":"2025-03","sales":1354774},{"month":"2025-04","sales":1816315},{"month":"2025-05","sales":2518564},{"month":"2025-06","sales":1618541},{"month":"2025-07","sales":1463005},{"month":"2025-08","sales":1213866},{"month":"2025-09","sales":931583},{"month":"2025-10","sales":772871},{"month":"2025-11","sales":678802},{"month":"2025-12","sales":587550},{"month":"2026-01","sales":479174},{"month":"2026-02","sales":343685}]},{"titleKR":"애도하는 너에게","titleJP":"哀悼する君へ","seriesName":"哀悼する君へ","totalSales":12272250,"platforms":[{"name":"LINEマンガ","sales":5585760},{"name":"Mechacomic","sales":3234300},{"name":"cmoa","sales":2565540},{"name":"piccoma","sales":674340},{"name":"ebookjapan","sales":112260},{"name":"Renta","sales":62790},{"name":"DMM","sales":34500},{"name":"まんが王国","sales":2760}],"dailyAvg":34184.54,"peakDate":"2025-06-01","peakSales":2322660,"firstDate":"2025-03-01","lastDate":"2026-02-22","monthlyTrend":[{"month":"2025-03","sales":639660},{"month":"2025-04","sales":713320},{"month":"2025-05","sales":2374850},{"month":"2025-06","sales":3192780},{"month":"2025-07","sales":2064900},{"month":"2025-08","sales":1614480},{"month":"2025-09","sales":354600},{"month":"2025-10","sales":271920},{"month":"2025-11","sales":176280},{"month":"2025-12","sales":418020},{"month":"2026-01","sales":307800},{"month":"2026-02","sales":143640}]},{"titleKR":"저주받은 공작가의 안주인이 되어 버렸다","titleJP":"呪われた公爵家の若奥様になりました","seriesName":"呪われた公爵家","totalSales":12181071,"platforms":[{"name":"piccoma","sales":7299944},{"name":"Mechacomic","sales":4331915},{"name":"cmoa","sales":265350},{"name":"U-NEXT","sales":177571},{"name":"Renta","sales":101411},{"name":"DMM","sales":4697},{"name":"まんが王国","sales":183}],"dailyAvg":33930.56,"peakDate":"2025-04-13","peakSales":477265,"firstDate":"2025-03-01","lastDate":"2026-02-22","monthlyTrend":[{"month":"2025-03","sales":715957},{"month":"2025-04","sales":3580997},{"month":"2025-05","sales":1602995},{"month":"2025-06","sales":1078352},{"month":"2025-07","sales":730661},{"month":"2025-08","sales":1946626},{"month":"2025-09","sales":510653},{"month":"2025-10","sales":277258},{"month":"2025-11","sales":393089},{"month":"2025-12","sales":444934},{"month":"2026-01","sales":465792},{"month":"2026-02","sales":433757}]},{"titleKR":"권투사 칼리","titleJP":"拳闘士（ボクサー）カーリー","seriesName":"拳闘士カーリー","totalSales":11181811,"platforms":[{"name":"piccoma","sales":11181811}],"dailyAvg":31147.11,"peakDate":"2025-03-29","peakSales":154892,"firstDate":"2025-03-01","lastDate":"2026-02-22","monthlyTrend":[{"month":"2025-03","sales":1778363},{"month":"2025-04","sales":889334},{"month":"2025-05","sales":1523883},{"month":"2025-06","sales":932639},{"month":"2025-07","sales":950241},{"month":"2025-08","sales":790233},{"month":"2025-09","sales":666588},{"month":"2025-10","sales":682488},{"month":"2025-11","sales":905417},{"month":"2025-12","sales":1443545},{"month":"2026-01","sales":416435},{"month":"2026-02","sales":202645}]},{"titleKR":"연하남편","titleJP":"年下旦那","seriesName":"年下旦那","totalSales":11061577,"platforms":[{"name":"Mechacomic","sales":6036225},{"name":"LINEマンガ","sales":4554741},{"name":"ebookjapan","sales":171794},{"name":"cmoa","sales":146411},{"name":"piccoma","sales":138220},{"name":"Renta","sales":8077},{"name":"まんが王国","sales":6109}],"dailyAvg":30812.19,"peakDate":"2025-07-01","peakSales":952125,"firstDate":"2025-03-01","lastDate":"2026-02-22","monthlyTrend":[{"month":"2025-03","sales":460635},{"month":"2025-04","sales":1448078},{"month":"2025-05","sales":1680449},{"month":"2025-06","sales":1585188},{"month":"2025-07","sales":1545931},{"month":"2025-08","sales":1481663},{"month":"2025-09","sales":505546},{"month":"2025-10","sales":536001},{"month":"2025-11","sales":471880},{"month":"2025-12","sales":608233},{"month":"2026-01","sales":470614},{"month":"2026-02","sales":267359}]},{"titleKR":"킬 디스 메리지","titleJP":"キル･ディス･マリッジ～この結婚に終止符を～","seriesName":"キル･ディス･マリッジ","totalSales":10951879,"platforms":[{"name":"Mechacomic","sales":10951879}],"dailyAvg":32987.59,"peakDate":"2025-03-22","peakSales":919209,"firstDate":"2025-03-21","lastDate":"2026-02-22","monthlyTrend":[{"month":"2025-03","sales":3978786},{"month":"2025-04","sales":1794620},{"month":"2025-05","sales":1224148},{"month":"2025-06","sales":952454},{"month":"2025-07","sales":655384},{"month":"2025-08","sales":776530},{"month":"2025-09","sales":372405},{"month":"2025-10","sales":424438},{"month":"2025-11","sales":368379},{"month":"2025-12","sales":252906},{"month":"2026-01","sales":70943},{"month":"2026-02","sales":80886}]},{"titleKR":"대공비가 된 마탑주","titleJP":"大公妃になった魔塔主","seriesName":"大公妃","totalSales":9208420,"platforms":[{"name":"piccoma","sales":9208420}],"dailyAvg":27487.82,"peakDate":"2025-03-25","peakSales":1649601,"firstDate":"2025-03-25","lastDate":"2026-02-22","monthlyTrend":[{"month":"2025-03","sales":2736463},{"month":"2025-04","sales":1432156},{"month":"2025-05","sales":968819},{"month":"2025-06","sales":653619},{"month":"2025-07","sales":733527},{"month":"2025-08","sales":602937},{"month":"2025-09","sales":746868},{"month":"2025-10","sales":526501},{"month":"2025-11","sales":346327},{"month":"2025-12","sales":162933},{"month":"2026-01","sales":200025},{"month":"2026-02","sales":98245}]},{"titleKR":"스위치온","titleJP":"スイッチ・オン","seriesName":"スイッチ・オン","totalSales":9094715,"platforms":[{"name":"LINEマンガ","sales":8030540},{"name":"DMM（FANZA）","sales":1001630},{"name":"ebookjapan","sales":32410},{"name":"Renta","sales":22330},{"name":"DMM","sales":7805}],"dailyAvg":53185.47,"peakDate":"2025-06-01","peakSales":6680520,"firstDate":"2025-04-01","lastDate":"2026-01-11","monthlyTrend":[{"month":"2025-04","sales":356090},{"month":"2025-05","sales":486920},{"month":"2025-06","sales":6868295},{"month":"2025-07","sales":1268890},{"month":"2025-08","sales":80465},{"month":"2025-09","sales":26250},{"month":"2026-01","sales":7805}]},{"titleKR":"일진동창녀","titleJP":"俺のワルな同級生","seriesName":"","totalSales":9068167,"platforms":[{"name":"LINEマンガ","sales":4347910},{"name":"cmoa","sales":3810940},{"name":"DMM（FANZA）","sales":830025},{"name":"Renta","sales":41930},{"name":"DMM","sales":22802},{"name":"ebookjapan","sales":14560}],"dailyAvg":30430.09,"peakDate":"2025-08-01","peakSales":3765090,"firstDate":"2025-04-01","lastDate":"2026-02-22","monthlyTrend":[{"month":"2025-04","sales":108342},{"month":"2025-05","sales":144620},{"month":"2025-06","sales":399420},{"month":"2025-07","sales":1388205},{"month":"2025-08","sales":4492215},{"month":"2025-09","sales":478765},{"month":"2025-10","sales":713090},{"month":"2025-11","sales":550340},{"month":"2025-12","sales":349090},{"month":"2026-01","sales":353990},{"month":"2026-02","sales":90090}]},{"titleKR":"알타스의 동풍","titleJP":"アルタスの東風","seriesName":"アルタスの東風","totalSales":8854485,"platforms":[{"name":"Mechacomic","sales":6654000},{"name":"piccoma","sales":1749224},{"name":"cmoa","sales":343560},{"name":"U-NEXT","sales":57480},{"name":"Renta","sales":41581},{"name":"まんが王国","sales":6720},{"name":"DMM","sales":1920}],"dailyAvg":24664.3,"peakDate":"2025-04-11","peakSales":231856,"firstDate":"2025-03-01","lastDate":"2026-02-22","monthlyTrend":[{"month":"2025-03","sales":1894213},{"month":"2025-04","sales":1817195},{"month":"2025-05","sales":710780},{"month":"2025-06","sales":423449},{"month":"2025-07","sales":374631},{"month":"2025-08","sales":765983},{"month":"2025-09","sales":585825},{"month":"2025-10","sales":515713},{"month":"2025-11","sales":719767},{"month":"2025-12","sales":537570},{"month":"2026-01","sales":310303},{"month":"2026-02","sales":199056}]},{"titleKR":"남편이 죽었으면 좋겠다","titleJP":"夫が死んでくれて、助かったと思ったのに","seriesName":"","totalSales":8837335,"platforms":[{"name":"Mechacomic","sales":8837335}],"dailyAvg":67460.57,"peakDate":"2025-10-09","peakSales":580580,"firstDate":"2025-10-08","lastDate":"2026-02-22","monthlyTrend":[{"month":"2025-10","sales":2993055},{"month":"2025-11","sales":3099070},{"month":"2025-12","sales":1769950},{"month":"2026-01","sales":592215},{"month":"2026-02","sales":383045}]},{"titleKR":"울프트랩[완전판]","titleJP":"幼馴染のエロトラップ～発情した狼は甘すぎる～[完全版]","seriesName":"","totalSales":8817025,"platforms":[{"name":"Mechacomic","sales":8171775},{"name":"piccoma","sales":635800},{"name":"DMM","sales":7425},{"name":"ebookjapan","sales":2025}],"dailyAvg":50096.73,"peakDate":"2025-08-31","peakSales":565125,"firstDate":"2025-08-31","lastDate":"2026-02-22","monthlyTrend":[{"month":"2025-08","sales":565125},{"month":"2025-09","sales":3656925},{"month":"2025-10","sales":1180800},{"month":"2025-11","sales":1131000},{"month":"2025-12","sales":955691},{"month":"2026-01","sales":860860},{"month":"2026-02","sales":466624}]},{"titleKR":"흑막 악녀는 미친 악마를 길들인다","titleJP":"黒幕悪女は悪魔を手懐ける","seriesName":"悪魔を手懐ける","totalSales":8752424,"platforms":[{"name":"Mechacomic","sales":7406620},{"name":"piccoma","sales":1306276},{"name":"cmoa","sales":39528}],"dailyAvg":24380.01,"peakDate":"2025-10-17","peakSales":91740,"firstDate":"2025-03-01","lastDate":"2026-02-22","monthlyTrend":[{"month":"2025-03","sales":623847},{"month":"2025-04","sales":379603},{"month":"2025-05","sales":880840},{"month":"2025-06","sales":760792},{"month":"2025-07","sales":746457},{"month":"2025-08","sales":840031},{"month":"2025-09","sales":720410},{"month":"2025-10","sales":1155344},{"month":"2025-11","sales":902534},{"month":"2025-12","sales":679522},{"month":"2026-01","sales":590056},{"month":"2026-02","sales":472988}]},{"titleKR":"F급 사주헌터","titleJP":"F級四柱推命ハンター~運命を強奪せよ~","seriesName":"F級四柱推命ハンター","totalSales":8593371,"platforms":[{"name":"piccoma","sales":8593371}],"dailyAvg":23936.97,"peakDate":"2026-02-15","peakSales":138385,"firstDate":"2025-03-01","lastDate":"2026-02-22","monthlyTrend":[{"month":"2025-03","sales":514619},{"month":"2025-04","sales":714157},{"month":"2025-05","sales":572062},{"month":"2025-06","sales":782074},{"month":"2025-07","sales":905718},{"month":"2025-08","sales":716354},{"month":"2025-09","sales":875872},{"month":"2025-10","sales":794925},{"month":"2025-11","sales":499092},{"month":"2025-12","sales":562435},{"month":"2026-01","sales":605443},{"month":"2026-02","sales":1050620}]},{"titleKR":"달아날 수 없게 만들어","titleJP":"逃げれば、逃げるほどに","seriesName":"逃げれば、逃げるほどに","totalSales":7681677,"platforms":[{"name":"Mechacomic","sales":4573920},{"name":"piccoma","sales":2946657},{"name":"cmoa","sales":80760},{"name":"U-NEXT","sales":41760},{"name":"Renta","sales":32580},{"name":"まんが王国","sales":5400},{"name":"DMM","sales":600}],"dailyAvg":21397.43,"peakDate":"2025-03-20","peakSales":121588,"firstDate":"2025-03-01","lastDate":"2026-02-22","monthlyTrend":[{"month":"2025-03","sales":1268496},{"month":"2025-04","sales":1064897},{"month":"2025-05","sales":1144889},{"month":"2025-06","sales":896673},{"month":"2025-07","sales":347082},{"month":"2025-08","sales":267501},{"month":"2025-09","sales":574512},{"month":"2025-10","sales":189414},{"month":"2025-11","sales":593949},{"month":"2025-12","sales":576782},{"month":"2026-01","sales":481477},{"month":"2026-02","sales":276005}]},{"titleKR":"아빠, 저는 아무것도 하지 않을게요","titleJP":"お父さん、私は何もしませんから！","seriesName":"お父さん","totalSales":7250033,"platforms":[{"name":"Mechacomic","sales":7250033}],"dailyAvg":20596.68,"peakDate":"2025-10-13","peakSales":115656,"firstDate":"2025-03-01","lastDate":"2026-02-22","monthlyTrend":[{"month":"2025-03","sales":1015223},{"month":"2025-04","sales":880779},{"month":"2025-05","sales":803980},{"month":"2025-06","sales":724009},{"month":"2025-07","sales":610610},{"month":"2025-08","sales":443104},{"month":"2025-09","sales":215330},{"month":"2025-10","sales":1167357},{"month":"2025-11","sales":151341},{"month":"2025-12","sales":484218},{"month":"2026-01","sales":397354},{"month":"2026-02","sales":356728}]},{"titleKR":"괴짜 영애님의 약혼자","titleJP":"おてんば令嬢の婚約者","seriesName":"おてんば令嬢","totalSales":7190679,"platforms":[{"name":"Mechacomic","sales":5687579},{"name":"piccoma","sales":1385668},{"name":"Renta","sales":45208},{"name":"cmoa","sales":42517},{"name":"U-NEXT","sales":28060},{"name":"DMM","sales":1647}],"dailyAvg":20662.87,"peakDate":"2025-04-05","peakSales":309880,"firstDate":"2025-03-01","lastDate":"2026-02-22","monthlyTrend":[{"month":"2025-03","sales":678320},{"month":"2025-04","sales":3559777},{"month":"2025-05","sales":1136100},{"month":"2025-06","sales":358709},{"month":"2025-07","sales":145032},{"month":"2025-08","sales":544597},{"month":"2025-09","sales":521826},{"month":"2025-10","sales":65913},{"month":"2025-11","sales":46728},{"month":"2025-12","sales":63267},{"month":"2026-01","sales":40116},{"month":"2026-02","sales":30294}]},{"titleKR":"걱정 마세요, 합의된 사기 결혼입니다","titleJP":"俺と彼女の完璧なろくでなし生活","seriesName":"","totalSales":7178730,"platforms":[{"name":"Mechacomic","sales":7178730}],"dailyAvg":34848.2,"peakDate":"2025-07-27","peakSales":352170,"firstDate":"2025-07-25","lastDate":"2026-02-22","monthlyTrend":[{"month":"2025-07","sales":1385475},{"month":"2025-08","sales":1376700},{"month":"2025-09","sales":599560},{"month":"2025-10","sales":838370},{"month":"2025-11","sales":1325805},{"month":"2025-12","sales":689910},{"month":"2026-01","sales":519870},{"month":"2026-02","sales":443040}]},{"titleKR":"하란다고 진짜하냐 ","titleJP":"ツンデレ幼馴染、催眠でトロ〜る","seriesName":"","totalSales":7168560,"platforms":[{"name":"LINEマンガ","sales":4666900},{"name":"cmoa","sales":1664320},{"name":"DMM（FANZA）","sales":771120},{"name":"ebookjapan","sales":40390},{"name":"Renta","sales":25830}],"dailyAvg":23975.12,"peakDate":"2025-08-01","peakSales":3672060,"firstDate":"2025-04-01","lastDate":"2026-02-22","monthlyTrend":[{"month":"2025-04","sales":127400},{"month":"2025-05","sales":128170},{"month":"2025-06","sales":215530},{"month":"2025-07","sales":1575630},{"month":"2025-08","sales":4225480},{"month":"2025-09","sales":267050},{"month":"2025-10","sales":168490},{"month":"2025-11","sales":134120},{"month":"2025-12","sales":108220},{"month":"2026-01","sales":173530},{"month":"2026-02","sales":44940}]},{"titleKR":"솔티 러스트","titleJP":"ソルティラスト","seriesName":"ソルティラスト","totalSales":7076747,"platforms":[{"name":"LINEマンガ","sales":3023832},{"name":"Mechacomic","sales":2007754},{"name":"cmoa","sales":1275700},{"name":"piccoma","sales":566167},{"name":"ebookjapan","sales":118311},{"name":"Renta","sales":66453},{"name":"DMM","sales":14030},{"name":"まんが王国","sales":4500}],"dailyAvg":19712.39,"peakDate":"2025-07-01","peakSales":886026,"firstDate":"2025-03-01","lastDate":"2026-02-22","monthlyTrend":[{"month":"2025-03","sales":258123},{"month":"2025-04","sales":489242},{"month":"2025-05","sales":1043953},{"month":"2025-06","sales":1042905},{"month":"2025-07","sales":1088737},{"month":"2025-08","sales":1003450},{"month":"2025-09","sales":634457},{"month":"2025-10","sales":554623},{"month":"2025-11","sales":338694},{"month":"2025-12","sales":202822},{"month":"2026-01","sales":313756},{"month":"2026-02","sales":105985}]},{"titleKR":"보스! 따님을 제게 주십쇼","titleJP":"お嬢専用の竿になりました。","seriesName":"お嬢専用の竿","totalSales":6722975,"platforms":[{"name":"LINEマンガ","sales":5059670},{"name":"cmoa","sales":1020530},{"name":"DMM（FANZA）","sales":585515},{"name":"ebookjapan","sales":29260},{"name":"DMM","sales":15190},{"name":"Renta","sales":12810}],"dailyAvg":21075.16,"peakDate":"2025-08-01","peakSales":4571350,"firstDate":"2025-03-09","lastDate":"2026-02-22","monthlyTrend":[{"month":"2025-03","sales":148050},{"month":"2025-04","sales":144340},{"month":"2025-05","sales":153160},{"month":"2025-06","sales":211610},{"month":"2025-07","sales":774690},{"month":"2025-08","sales":4879980},{"month":"2025-09","sales":140805},{"month":"2025-10","sales":81620},{"month":"2025-11","sales":64820},{"month":"2025-12","sales":56000},{"month":"2026-01","sales":55230},{"month":"2026-02","sales":12670}]},{"titleKR":"무너지고 다시봐요","titleJP":"ライブ配信で会いましょう","seriesName":"ライブ配信","totalSales":6261420,"platforms":[{"name":"LINEマンガ","sales":5648440},{"name":"DMM（FANZA）","sales":525700},{"name":"Renta","sales":51510},{"name":"ebookjapan","sales":35700},{"name":"DMM","sales":70}],"dailyAvg":37493.53,"peakDate":"2025-07-01","peakSales":2342480,"firstDate":"2025-04-01","lastDate":"2026-01-08","monthlyTrend":[{"month":"2025-04","sales":124380},{"month":"2025-05","sales":206640},{"month":"2025-06","sales":1500100},{"month":"2025-07","sales":2467045},{"month":"2025-08","sales":1923355},{"month":"2025-09","sales":39830},{"month":"2026-01","sales":70}]},{"titleKR":"마귀","titleJP":"魔鬼","seriesName":"魔鬼","totalSales":5844461,"platforms":[{"name":"Mechacomic","sales":4372550},{"name":"piccoma","sales":1153100},{"name":"cmoa","sales":246738},{"name":"Renta","sales":55450},{"name":"まんが王国","sales":8823},{"name":"U-NEXT","sales":7300},{"name":"DMM","sales":500}],"dailyAvg":16279.84,"peakDate":"2025-08-31","peakSales":75253,"firstDate":"2025-03-01","lastDate":"2026-02-22","monthlyTrend":[{"month":"2025-03","sales":361048},{"month":"2025-04","sales":330571},{"month":"2025-05","sales":654203},{"month":"2025-06","sales":586315},{"month":"2025-07","sales":609453},{"month":"2025-08","sales":908625},{"month":"2025-09","sales":772475},{"month":"2025-10","sales":467918},{"month":"2025-11","sales":308229},{"month":"2025-12","sales":184529},{"month":"2026-01","sales":332868},{"month":"2026-02","sales":328227}]},{"titleKR":"릴리 부슈의 사기 결혼","titleJP":"リリー・ブッシュの身代わり婚","seriesName":"","totalSales":5811845,"platforms":[{"name":"Mechacomic","sales":5811845}],"dailyAvg":98505.85,"peakDate":"2026-01-08","peakSales":471640,"firstDate":"2025-12-19","lastDate":"2026-02-22","monthlyTrend":[{"month":"2025-12","sales":776945},{"month":"2026-01","sales":3332290},{"month":"2026-02","sales":1702610}]},{"titleKR":"나 혼자 만렙 뉴비 [판면/권별]","titleJP":"俺だけレベルMAXなビギナー","seriesName":"俺だけレベルMAX(巻)","totalSales":5705560,"platforms":[{"name":"cmoa","sales":2396960},{"name":"ebookjapan","sales":1168000},{"name":"DMM","sales":999680},{"name":"Renta","sales":686520},{"name":"LINEマンガ","sales":442400},{"name":"まんが王国","sales":12000}],"dailyAvg":19210.64,"peakDate":"2025-06-27","peakSales":267200,"firstDate":"2025-03-01","lastDate":"2026-02-22","monthlyTrend":[{"month":"2025-03","sales":292000},{"month":"2025-04","sales":595200},{"month":"2025-05","sales":500800},{"month":"2025-06","sales":1259320},{"month":"2025-07","sales":834400},{"month":"2025-08","sales":856320},{"month":"2025-09","sales":308160},{"month":"2025-10","sales":119200},{"month":"2025-11","sales":172800},{"month":"2025-12","sales":113600},{"month":"2026-01","sales":427360},{"month":"2026-02","sales":226400}]},{"titleKR":"그래 나다. 서브광공","titleJP":"狂気のサブ攻めに憑依した俺がメイン受けにケツを狙われるハメになりました","seriesName":"","totalSales":5633320,"platforms":[{"name":"cmoa","sales":4787090},{"name":"Mechacomic","sales":846230}],"dailyAvg":32007.5,"peakDate":"2025-08-21","peakSales":155400,"firstDate":"2025-08-21","lastDate":"2026-02-22","monthlyTrend":[{"month":"2025-08","sales":990640},{"month":"2025-09","sales":840490},{"month":"2025-10","sales":1142680},{"month":"2025-11","sales":1059310},{"month":"2025-12","sales":693000},{"month":"2026-01","sales":690200},{"month":"2026-02","sales":217000}]},{"titleKR":"남주의 트라우마를 치료해주었는데","titleJP":"男主人公のトラウマを治療してあげたのに","seriesName":"","totalSales":5588830,"platforms":[{"name":"Mechacomic","sales":5588830}],"dailyAvg":39082.73,"peakDate":"2025-10-11","peakSales":386685,"firstDate":"2025-09-26","lastDate":"2026-02-22","monthlyTrend":[{"month":"2025-09","sales":972530},{"month":"2025-10","sales":2955940},{"month":"2025-11","sales":740285},{"month":"2025-12","sales":476255},{"month":"2026-01","sales":231075},{"month":"2026-02","sales":212745}]},{"titleKR":"남편의 정부로 환생한 심정을 서술하시오","titleJP":"夫の愛人に転生した気持ちを述べよ","seriesName":"","totalSales":5337866,"platforms":[{"name":"Mechacomic","sales":5337866}],"dailyAvg":22334.17,"peakDate":"2025-06-22","peakSales":505995,"firstDate":"2025-06-22","lastDate":"2026-02-22","monthlyTrend":[{"month":"2025-06","sales":1726971},{"month":"2025-07","sales":1179557},{"month":"2025-08","sales":786778},{"month":"2025-09","sales":614819},{"month":"2025-10","sales":353190},{"month":"2025-11","sales":325923},{"month":"2025-12","sales":151463},{"month":"2026-01","sales":87901},{"month":"2026-02","sales":111264}]},{"titleKR":"습한 사막","titleJP":"濡れた砂漠","seriesName":"濡れた砂漠","totalSales":5247900,"platforms":[{"name":"Mechacomic","sales":3095470},{"name":"LINEマンガ","sales":1176070},{"name":"cmoa","sales":721840},{"name":"piccoma","sales":207410},{"name":"ebookjapan","sales":43120},{"name":"DMM","sales":3990}],"dailyAvg":14618.11,"peakDate":"2025-08-01","peakSales":1082270,"firstDate":"2025-03-01","lastDate":"2026-02-22","monthlyTrend":[{"month":"2025-03","sales":268450},{"month":"2025-04","sales":654010},{"month":"2025-05","sales":705600},{"month":"2025-06","sales":528850},{"month":"2025-07","sales":321160},{"month":"2025-08","sales":1231440},{"month":"2025-09","sales":171920},{"month":"2025-10","sales":415660},{"month":"2025-11","sales":361900},{"month":"2025-12","sales":320110},{"month":"2026-01","sales":189000},{"month":"2026-02","sales":79800}]},{"titleKR":"스위치온 [판면/화별]","titleJP":"スイッチ・オン【分冊版】","seriesName":"スイッチ・オン【分冊版】","totalSales":5144568,"platforms":[{"name":"cmoa","sales":2852760},{"name":"LINEマンガ","sales":1892520},{"name":"ebookjapan","sales":254640},{"name":"DMM（FANZA）","sales":135528},{"name":"Renta","sales":9120}],"dailyAvg":15927.46,"peakDate":"2025-07-01","peakSales":878280,"firstDate":"2025-03-01","lastDate":"2026-02-22","monthlyTrend":[{"month":"2025-03","sales":422040},{"month":"2025-04","sales":355320},{"month":"2025-05","sales":735360},{"month":"2025-06","sales":886848},{"month":"2025-07","sales":1257960},{"month":"2025-08","sales":858000},{"month":"2025-09","sales":204720},{"month":"2025-10","sales":233880},{"month":"2025-11","sales":72120},{"month":"2025-12","sales":28560},{"month":"2026-01","sales":52320},{"month":"2026-02","sales":37440}]},{"titleKR":"과보호 아가씨","titleJP":"過保護なお嬢様","seriesName":"過保護なお嬢様","totalSales":4523987,"platforms":[{"name":"Mechacomic","sales":2525461},{"name":"piccoma","sales":1004953},{"name":"LINEマンガ","sales":845765},{"name":"cmoa","sales":56486},{"name":"ebookjapan","sales":32574},{"name":"U-NEXT","sales":30256},{"name":"Renta","sales":23673},{"name":"まんが王国","sales":4331},{"name":"DMM","sales":488}],"dailyAvg":12601.64,"peakDate":"2025-08-01","peakSales":371243,"firstDate":"2025-03-01","lastDate":"2026-02-22","monthlyTrend":[{"month":"2025-03","sales":599941},{"month":"2025-04","sales":364258},{"month":"2025-05","sales":506784},{"month":"2025-06","sales":528003},{"month":"2025-07","sales":433507},{"month":"2025-08","sales":707067},{"month":"2025-09","sales":337408},{"month":"2025-10","sales":224931},{"month":"2025-11","sales":166435},{"month":"2025-12","sales":265686},{"month":"2026-01","sales":193045},{"month":"2026-02","sales":196922}]},{"titleKR":"새비지 캐슬","titleJP":"サベージ・キャッスル ~堕落の迷宮~ ","seriesName":"サベージ","totalSales":4475578,"platforms":[{"name":"Mechacomic","sales":4121460},{"name":"piccoma","sales":303238},{"name":"cmoa","sales":47340},{"name":"まんが王国","sales":3300},{"name":"Renta","sales":240}],"dailyAvg":12466.79,"peakDate":"2025-08-13","peakSales":62419,"firstDate":"2025-03-01","lastDate":"2026-02-22","monthlyTrend":[{"month":"2025-03","sales":48840},{"month":"2025-04","sales":360900},{"month":"2025-05","sales":413700},{"month":"2025-06","sales":406680},{"month":"2025-07","sales":452820},{"month":"2025-08","sales":507071},{"month":"2025-09","sales":496245},{"month":"2025-10","sales":558825},{"month":"2025-11","sales":433734},{"month":"2025-12","sales":405431},{"month":"2026-01","sales":232863},{"month":"2026-02","sales":158469}]},{"titleKR":"오프트랙","titleJP":"オフ・トラック","seriesName":"オフ・トラック","totalSales":4415670,"platforms":[{"name":"Mechacomic","sales":2281510},{"name":"cmoa","sales":1835190},{"name":"LINEマンガ","sales":160370},{"name":"DMM","sales":57820},{"name":"ebookjapan","sales":43120},{"name":"piccoma","sales":37660}],"dailyAvg":12725.27,"peakDate":"2025-08-01","peakSales":163310,"firstDate":"2025-03-13","lastDate":"2026-02-22","monthlyTrend":[{"month":"2025-03","sales":308420},{"month":"2025-04","sales":130970},{"month":"2025-05","sales":149310},{"month":"2025-06","sales":896420},{"month":"2025-07","sales":791700},{"month":"2025-08","sales":553700},{"month":"2025-09","sales":398370},{"month":"2025-10","sales":221760},{"month":"2025-11","sales":417620},{"month":"2025-12","sales":227710},{"month":"2026-01","sales":150850},{"month":"2026-02","sales":168840}]},{"titleKR":"천관사복","titleJP":"天官賜福","seriesName":"天官賜福","totalSales":4387131,"platforms":[{"name":"cmoa","sales":2504050},{"name":"piccoma","sales":892680},{"name":"Mechacomic","sales":466162},{"name":"LINEマンガ","sales":392413},{"name":"ebookjapan","sales":78324},{"name":"DMM","sales":41302},{"name":"まんが王国","sales":12200}],"dailyAvg":12220.42,"peakDate":"2025-07-01","peakSales":113877,"firstDate":"2025-03-01","lastDate":"2026-02-22","monthlyTrend":[{"month":"2025-03","sales":495368},{"month":"2025-04","sales":513220},{"month":"2025-05","sales":483460},{"month":"2025-06","sales":461035},{"month":"2025-07","sales":444711},{"month":"2025-08","sales":401810},{"month":"2025-09","sales":263879},{"month":"2025-10","sales":255643},{"month":"2025-11","sales":366750},{"month":"2025-12","sales":241709},{"month":"2026-01","sales":267265},{"month":"2026-02","sales":192281}]},{"titleKR":"오피스 누나 이야기 [판면/화별]","titleJP":"オフィスの彼女【分冊版】","seriesName":"","totalSales":4330800,"platforms":[{"name":"cmoa","sales":4330800}],"dailyAvg":56244.16,"peakDate":"2026-02-17","peakSales":161784,"firstDate":"2025-11-18","lastDate":"2026-02-22","monthlyTrend":[{"month":"2025-11","sales":255060},{"month":"2025-12","sales":1030860},{"month":"2026-01","sales":2445120},{"month":"2026-02","sales":599760}]},{"titleKR":"회사에선 안돼요.","titleJP":"セフレ部下の裏指導マニュアル","seriesName":"セフレ部下","totalSales":4058285,"platforms":[{"name":"LINEマンガ","sales":1886990},{"name":"cmoa","sales":1668450},{"name":"DMM（FANZA）","sales":470785},{"name":"Renta","sales":16730},{"name":"DMM","sales":11690},{"name":"ebookjapan","sales":3640}],"dailyAvg":12965.77,"peakDate":"2025-08-01","peakSales":1668380,"firstDate":"2025-03-09","lastDate":"2026-02-22","monthlyTrend":[{"month":"2025-03","sales":135240},{"month":"2025-04","sales":196630},{"month":"2025-05","sales":228550},{"month":"2025-06","sales":312060},{"month":"2025-07","sales":588525},{"month":"2025-08","sales":2072420},{"month":"2025-09","sales":231000},{"month":"2025-10","sales":155750},{"month":"2025-11","sales":41860},{"month":"2025-12","sales":31920},{"month":"2026-01","sales":48300},{"month":"2026-02","sales":16030}]},{"titleKR":"향현문자 [완전판]","titleJP":"響弦文字 [完全版]","seriesName":"響弦文字","totalSales":3988080,"platforms":[{"name":"Mechacomic","sales":1839250},{"name":"LINEマンガ","sales":895020},{"name":"piccoma","sales":773510},{"name":"cmoa","sales":386540},{"name":"ebookjapan","sales":51940},{"name":"DMM","sales":24080},{"name":"Renta","sales":17740}],"dailyAvg":11108.86,"peakDate":"2025-08-01","peakSales":394840,"firstDate":"2025-03-01","lastDate":"2026-02-22","monthlyTrend":[{"month":"2025-03","sales":227920},{"month":"2025-04","sales":253850},{"month":"2025-05","sales":341880},{"month":"2025-06","sales":392770},{"month":"2025-07","sales":580650},{"month":"2025-08","sales":822290},{"month":"2025-09","sales":335500},{"month":"2025-10","sales":294720},{"month":"2025-11","sales":225900},{"month":"2025-12","sales":217650},{"month":"2026-01","sales":160380},{"month":"2026-02","sales":134570}]},{"titleKR":"성공지향적 가이드","titleJP":"成功志向系ガイド～彼を幸せにするために～","seriesName":"","totalSales":3940300,"platforms":[{"name":"cmoa","sales":3184860},{"name":"Mechacomic","sales":733390},{"name":"piccoma","sales":22050}],"dailyAvg":18763.33,"peakDate":"2025-07-27","peakSales":95060,"firstDate":"2025-07-24","lastDate":"2026-02-22","monthlyTrend":[{"month":"2025-07","sales":441210},{"month":"2025-08","sales":843710},{"month":"2025-09","sales":644070},{"month":"2025-10","sales":741160},{"month":"2025-11","sales":583800},{"month":"2025-12","sales":459830},{"month":"2026-01","sales":135870},{"month":"2026-02","sales":90650}]},{"titleKR":"울프트랩[완전판]","titleJP":"幼馴染のエロトラップ～発情した狼は甘すぎる～ [完全版]","seriesName":"","totalSales":3920550,"platforms":[{"name":"cmoa","sales":3920550}],"dailyAvg":16612.5,"peakDate":"2025-08-17","peakSales":104850,"firstDate":"2025-06-02","lastDate":"2026-02-22","monthlyTrend":[{"month":"2025-06","sales":513375},{"month":"2025-07","sales":718350},{"month":"2025-08","sales":907650},{"month":"2025-09","sales":395025},{"month":"2025-10","sales":433800},{"month":"2025-11","sales":449550},{"month":"2025-12","sales":315975},{"month":"2026-01","sales":172050},{"month":"2026-02","sales":14775}]},{"titleKR":"그거 그렇게 하는 거 아닌데 [판면/화별]","titleJP":"落ちこぼれをキャリーして【分冊版】","seriesName":"","totalSales":3779220,"platforms":[{"name":"cmoa","sales":3570780},{"name":"DMM（FANZA）","sales":183360},{"name":"DMM","sales":12360},{"name":"ebookjapan","sales":7320},{"name":"Renta","sales":5400}],"dailyAvg":14207.59,"peakDate":"2026-02-01","peakSales":69360,"firstDate":"2025-05-04","lastDate":"2026-02-22","monthlyTrend":[{"month":"2025-05","sales":435360},{"month":"2025-06","sales":358560},{"month":"2025-07","sales":452760},{"month":"2025-08","sales":504600},{"month":"2025-09","sales":355560},{"month":"2025-10","sales":468360},{"month":"2025-11","sales":372480},{"month":"2025-12","sales":282480},{"month":"2026-01","sales":351600},{"month":"2026-02","sales":197460}]},{"titleKR":"약탈신부 [판면/화별]","titleJP":"略奪された花嫁【分冊版】","seriesName":"","totalSales":3489120,"platforms":[{"name":"cmoa","sales":3489120}],"dailyAvg":45313.25,"peakDate":"2025-12-30","peakSales":236160,"firstDate":"2025-11-18","lastDate":"2026-02-22","monthlyTrend":[{"month":"2025-11","sales":406260},{"month":"2025-12","sales":1190160},{"month":"2026-01","sales":1552680},{"month":"2026-02","sales":340020}]},{"titleKR":"날 것","titleJP":"ナマモノ","seriesName":"ナマモノ","totalSales":3428880,"platforms":[{"name":"Mechacomic","sales":1730260},{"name":"LINEマンガ","sales":875980},{"name":"cmoa","sales":771400},{"name":"ebookjapan","sales":43820},{"name":"DMM","sales":7420}],"dailyAvg":9686.1,"peakDate":"2025-08-01","peakSales":525070,"firstDate":"2025-03-01","lastDate":"2026-02-22","monthlyTrend":[{"month":"2025-03","sales":154000},{"month":"2025-04","sales":350280},{"month":"2025-05","sales":372960},{"month":"2025-06","sales":255010},{"month":"2025-07","sales":630630},{"month":"2025-08","sales":748300},{"month":"2025-09","sales":223580},{"month":"2025-10","sales":136360},{"month":"2025-11","sales":54600},{"month":"2025-12","sales":162540},{"month":"2026-01","sales":194530},{"month":"2026-02","sales":146090}]},{"titleKR":"이제부터 어쩌냐 [판면/화별]","titleJP":"昨夜の記憶がないんだが、どうやら全員と…【分冊版】","seriesName":"","totalSales":3106680,"platforms":[{"name":"cmoa","sales":2979360},{"name":"DMM（FANZA）","sales":90840},{"name":"DMM","sales":14880},{"name":"ebookjapan","sales":13800},{"name":"Renta","sales":7800}],"dailyAvg":11679.25,"peakDate":"2025-05-12","peakSales":63720,"firstDate":"2025-05-04","lastDate":"2026-02-22","monthlyTrend":[{"month":"2025-05","sales":411000},{"month":"2025-06","sales":262680},{"month":"2025-07","sales":309480},{"month":"2025-08","sales":379920},{"month":"2025-09","sales":276000},{"month":"2025-10","sales":399600},{"month":"2025-11","sales":317640},{"month":"2025-12","sales":229560},{"month":"2026-01","sales":265440},{"month":"2026-02","sales":255360}]},{"titleKR":"제로 데이 어택","titleJP":"天才ハッカーたちのラブゲーム～ゼロ・デイ・アタック～","seriesName":"ゼロ・デイ・アタック","totalSales":2973121,"platforms":[{"name":"piccoma","sales":1607518},{"name":"Mechacomic","sales":1052677},{"name":"LINEマンガ","sales":142740},{"name":"cmoa","sales":140971},{"name":"Renta","sales":14514},{"name":"ebookjapan","sales":8235},{"name":"DMM","sales":6466}],"dailyAvg":8281.67,"peakDate":"2025-09-15","peakSales":89661,"firstDate":"2025-03-01","lastDate":"2026-02-22","monthlyTrend":[{"month":"2025-03","sales":132065},{"month":"2025-04","sales":119438},{"month":"2025-05","sales":148047},{"month":"2025-06","sales":121939},{"month":"2025-07","sales":229848},{"month":"2025-08","sales":219295},{"month":"2025-09","sales":837708},{"month":"2025-10","sales":367557},{"month":"2025-11","sales":235855},{"month":"2025-12","sales":235639},{"month":"2026-01","sales":196702},{"month":"2026-02","sales":129028}]},{"titleKR":"상관없어, 사랑 따위","titleJP":"エミリア～愛なんて関係ない～","seriesName":"エミリア","totalSales":2936130,"platforms":[{"name":"Mechacomic","sales":1690680},{"name":"piccoma","sales":1069270},{"name":"cmoa","sales":103800},{"name":"U-NEXT","sales":37800},{"name":"Renta","sales":34400},{"name":"まんが王国","sales":180}],"dailyAvg":8178.64,"peakDate":"2025-09-07","peakSales":54029,"firstDate":"2025-03-01","lastDate":"2026-02-22","monthlyTrend":[{"month":"2025-03","sales":290895},{"month":"2025-04","sales":286256},{"month":"2025-05","sales":219886},{"month":"2025-06","sales":240323},{"month":"2025-07","sales":198809},{"month":"2025-08","sales":214367},{"month":"2025-09","sales":439847},{"month":"2025-10","sales":213351},{"month":"2025-11","sales":285373},{"month":"2025-12","sales":252194},{"month":"2026-01","sales":151938},{"month":"2026-02","sales":142891}]},{"titleKR":"어쩌다 이지경","titleJP":"ただのトモダチ？","seriesName":"","totalSales":2834755,"platforms":[{"name":"cmoa","sales":2797760},{"name":"DMM（FANZA）","sales":19915},{"name":"DMM","sales":17080}],"dailyAvg":13063.39,"peakDate":"2025-12-21","peakSales":54880,"firstDate":"2025-06-22","lastDate":"2026-02-22","monthlyTrend":[{"month":"2025-06","sales":115010},{"month":"2025-07","sales":349300},{"month":"2025-08","sales":448840},{"month":"2025-09","sales":218435},{"month":"2025-10","sales":296240},{"month":"2025-11","sales":266420},{"month":"2025-12","sales":385070},{"month":"2026-01","sales":513100},{"month":"2026-02","sales":242340}]},{"titleKR":"간을 빼앗긴 아내 [판면/화별]","titleJP":"肝臓を奪われた妻【連載版】","seriesName":"肝臓【連載版】","totalSales":2807187,"platforms":[{"name":"cmoa","sales":2564187},{"name":"LINEマンガ","sales":185160},{"name":"まんが王国","sales":26040},{"name":"Renta","sales":22200},{"name":"ebookjapan","sales":9600}],"dailyAvg":11648.08,"peakDate":"2025-04-01","peakSales":186840,"firstDate":"2025-03-01","lastDate":"2026-02-21","monthlyTrend":[{"month":"2025-03","sales":1255527},{"month":"2025-04","sales":481680},{"month":"2025-05","sales":387240},{"month":"2025-06","sales":293880},{"month":"2025-07","sales":119760},{"month":"2025-08","sales":62520},{"month":"2025-09","sales":4680},{"month":"2025-10","sales":10560},{"month":"2025-11","sales":5880},{"month":"2025-12","sales":2160},{"month":"2026-01","sales":183120},{"month":"2026-02","sales":180}]},{"titleKR":"관계의 고리","titleJP":"関係の輪","seriesName":"関係の輪","totalSales":2687102,"platforms":[{"name":"piccoma","sales":1100198},{"name":"Mechacomic","sales":817860},{"name":"cmoa","sales":742004},{"name":"Renta","sales":13180},{"name":"DMM","sales":12780},{"name":"まんが王国","sales":1080}],"dailyAvg":7484.96,"peakDate":"2025-05-01","peakSales":28205,"firstDate":"2025-03-01","lastDate":"2026-02-22","monthlyTrend":[{"month":"2025-03","sales":362124},{"month":"2025-04","sales":232416},{"month":"2025-05","sales":282253},{"month":"2025-06","sales":172737},{"month":"2025-07","sales":259057},{"month":"2025-08","sales":252420},{"month":"2025-09","sales":202239},{"month":"2025-10","sales":217158},{"month":"2025-11","sales":188459},{"month":"2025-12","sales":214583},{"month":"2026-01","sales":174105},{"month":"2026-02","sales":129551}]},{"titleKR":"간을 빼앗긴 아내 [판면/권별]","titleJP":"肝臓を奪われた妻","seriesName":"肝臓(巻)","totalSales":2629880,"platforms":[{"name":"cmoa","sales":1839480},{"name":"まんが王国","sales":224000},{"name":"LINEマンガ","sales":214400},{"name":"ebookjapan","sales":193600},{"name":"Renta","sales":103200},{"name":"DMM","sales":55200}],"dailyAvg":10912.37,"peakDate":"2025-04-01","peakSales":153600,"firstDate":"2025-03-01","lastDate":"2026-02-21","monthlyTrend":[{"month":"2025-03","sales":850280},{"month":"2025-04","sales":465600},{"month":"2025-05","sales":236800},{"month":"2025-06","sales":188800},{"month":"2025-07","sales":256000},{"month":"2025-08","sales":218400},{"month":"2025-09","sales":60800},{"month":"2025-10","sales":101280},{"month":"2025-11","sales":60800},{"month":"2025-12","sales":31920},{"month":"2026-01","sales":149600},{"month":"2026-02","sales":9600}]},{"titleKR":"연하상사","titleJP":"年下上司～乱暴な彼に抱かれたくて～","seriesName":"","totalSales":2505648,"platforms":[{"name":"Mechacomic","sales":2154172},{"name":"cmoa","sales":171428},{"name":"piccoma","sales":83148},{"name":"LINEマンガ","sales":49912},{"name":"ebookjapan","sales":30192},{"name":"Renta","sales":13804},{"name":"まんが王国","sales":2992}],"dailyAvg":8108.89,"peakDate":"2025-04-15","peakSales":182240,"firstDate":"2025-04-14","lastDate":"2026-02-22","monthlyTrend":[{"month":"2025-04","sales":873596},{"month":"2025-05","sales":392360},{"month":"2025-06","sales":241536},{"month":"2025-07","sales":242352},{"month":"2025-08","sales":271388},{"month":"2025-09","sales":138992},{"month":"2025-10","sales":119786},{"month":"2025-11","sales":88615},{"month":"2025-12","sales":64900},{"month":"2026-01","sales":38013},{"month":"2026-02","sales":34110}]},{"titleKR":"꿀 떨어지는 알바 ","titleJP":"秘密のご奉仕ラブバイト","seriesName":"","totalSales":2494310,"platforms":[{"name":"LINEマンガ","sales":1430450},{"name":"cmoa","sales":780500},{"name":"DMM（FANZA）","sales":268590},{"name":"ebookjapan","sales":10290},{"name":"DMM","sales":3360},{"name":"Renta","sales":1120}],"dailyAvg":9781.61,"peakDate":"2025-08-01","peakSales":1231440,"firstDate":"2025-03-28","lastDate":"2026-02-22","monthlyTrend":[{"month":"2025-03","sales":48860},{"month":"2025-04","sales":206780},{"month":"2025-05","sales":76580},{"month":"2025-06","sales":161280},{"month":"2025-07","sales":333340},{"month":"2025-08","sales":1450470},{"month":"2025-09","sales":118160},{"month":"2025-10","sales":36680},{"month":"2025-11","sales":17500},{"month":"2025-12","sales":17220},{"month":"2026-01","sales":19880},{"month":"2026-02","sales":7560}]},{"titleKR":"버려진 가짜가 돌아온 이유","titleJP":"捨てられた偽り公女が帰ってきた理由","seriesName":"","totalSales":2493010,"platforms":[{"name":"Mechacomic","sales":2493010}],"dailyAvg":19325.66,"peakDate":"2025-10-11","peakSales":390130,"firstDate":"2025-10-10","lastDate":"2026-02-22","monthlyTrend":[{"month":"2025-10","sales":1827150},{"month":"2025-11","sales":288990},{"month":"2025-12","sales":170690},{"month":"2026-01","sales":123500},{"month":"2026-02","sales":82680}]},{"titleKR":"정부는 도망친다","titleJP":"愛人は逃げる ","seriesName":"愛人は逃げる","totalSales":2324580,"platforms":[{"name":"Mechacomic","sales":2324580}],"dailyAvg":32740.56,"peakDate":"2025-03-23","peakSales":62400,"firstDate":"2025-03-01","lastDate":"2025-05-10","monthlyTrend":[{"month":"2025-03","sales":1135440},{"month":"2025-04","sales":878940},{"month":"2025-05","sales":310200}]},{"titleKR":"나 혼자 만렙 귀환자","titleJP":"俺一人だけカンストレベル帰還者","seriesName":"カンストレベル帰還者","totalSales":2279204,"platforms":[{"name":"LINEマンガ","sales":1279292},{"name":"Mechacomic","sales":489098},{"name":"U-NEXT","sales":252601},{"name":"cmoa","sales":83143},{"name":"まんが王国","sales":79666},{"name":"DMM","sales":37149},{"name":"ebookjapan","sales":36051},{"name":"Renta","sales":22204}],"dailyAvg":6723.32,"peakDate":"2025-04-01","peakSales":509472,"firstDate":"2025-03-01","lastDate":"2026-02-21","monthlyTrend":[{"month":"2025-03","sales":56669},{"month":"2025-04","sales":640744},{"month":"2025-05","sales":463356},{"month":"2025-06","sales":330132},{"month":"2025-07","sales":247050},{"month":"2025-08","sales":283528},{"month":"2025-09","sales":80276},{"month":"2025-10","sales":50142},{"month":"2025-11","sales":38979},{"month":"2025-12","sales":38918},{"month":"2026-01","sales":19825},{"month":"2026-02","sales":29585}]},{"titleKR":"무너지고 다시봐요 [판면/화별]","titleJP":"ライブ配信で会いましょう【分冊版】","seriesName":"ライブ配信【分冊版】","totalSales":2273592,"platforms":[{"name":"cmoa","sales":1810860},{"name":"LINEマンガ","sales":300840},{"name":"ebookjapan","sales":79320},{"name":"DMM（FANZA）","sales":72372},{"name":"Renta","sales":6840},{"name":"DMM","sales":3360}],"dailyAvg":6995.67,"peakDate":"2025-07-01","peakSales":104400,"firstDate":"2025-03-01","lastDate":"2026-02-22","monthlyTrend":[{"month":"2025-03","sales":222480},{"month":"2025-04","sales":241440},{"month":"2025-05","sales":305868},{"month":"2025-06","sales":350364},{"month":"2025-07","sales":308640},{"month":"2025-08","sales":299460},{"month":"2025-09","sales":97080},{"month":"2025-10","sales":145440},{"month":"2025-11","sales":133200},{"month":"2025-12","sales":94440},{"month":"2026-01","sales":57360},{"month":"2026-02","sales":17820}]},{"titleKR":"속궁합 컨설팅","titleJP":"♂♀コンサルタント","seriesName":"コンサルタント","totalSales":2266140,"platforms":[{"name":"Mechacomic","sales":1288980},{"name":"piccoma","sales":795540},{"name":"DMM（FANZA）","sales":125580},{"name":"cmoa","sales":55620},{"name":"Renta","sales":420}],"dailyAvg":6312.37,"peakDate":"2025-11-11","peakSales":26640,"firstDate":"2025-03-01","lastDate":"2026-02-22","monthlyTrend":[{"month":"2025-03","sales":160200},{"month":"2025-04","sales":232620},{"month":"2025-05","sales":273750},{"month":"2025-06","sales":177390},{"month":"2025-07","sales":151980},{"month":"2025-08","sales":97560},{"month":"2025-09","sales":78300},{"month":"2025-10","sales":177600},{"month":"2025-11","sales":379920},{"month":"2025-12","sales":235980},{"month":"2026-01","sales":189600},{"month":"2026-02","sales":111240}]},{"titleKR":"죄와 벌 [판면/화별]","titleJP":"罪と罰～すべては合意の上～【分冊版】","seriesName":"罪と罰【分冊版】","totalSales":2265000,"platforms":[{"name":"cmoa","sales":1161900},{"name":"LINEマンガ","sales":633600},{"name":"ebookjapan","sales":356640},{"name":"DMM（FANZA）","sales":67020},{"name":"Renta","sales":29880},{"name":"まんが王国","sales":15960}],"dailyAvg":7600.67,"peakDate":"2025-07-01","peakSales":241080,"firstDate":"2025-03-01","lastDate":"2026-02-21","monthlyTrend":[{"month":"2025-03","sales":227160},{"month":"2025-04","sales":287760},{"month":"2025-05","sales":406140},{"month":"2025-06","sales":484620},{"month":"2025-07","sales":340800},{"month":"2025-08","sales":288960},{"month":"2025-09","sales":65460},{"month":"2025-10","sales":75720},{"month":"2025-11","sales":33120},{"month":"2025-12","sales":23040},{"month":"2026-01","sales":21960},{"month":"2026-02","sales":10260}]},{"titleKR":"달빛 무도회","titleJP":"月光舞踏会","seriesName":"月光舞踏会","totalSales":2131140,"platforms":[{"name":"Mechacomic","sales":2131140}],"dailyAvg":6054.38,"peakDate":"2025-03-05","peakSales":140280,"firstDate":"2025-03-01","lastDate":"2026-02-22","monthlyTrend":[{"month":"2025-03","sales":528420},{"month":"2025-04","sales":150720},{"month":"2025-05","sales":196920},{"month":"2025-06","sales":105060},{"month":"2025-07","sales":116640},{"month":"2025-08","sales":96120},{"month":"2025-09","sales":174360},{"month":"2025-10","sales":167280},{"month":"2025-11","sales":99360},{"month":"2025-12","sales":132480},{"month":"2026-01","sales":190800},{"month":"2026-02","sales":172980}]},{"titleKR":"은밀한 나의 동거인","titleJP":"秘密の同居人","seriesName":"秘密の同居人","totalSales":2069181,"platforms":[{"name":"Mechacomic","sales":1571726},{"name":"LINEマンガ","sales":444995},{"name":"U-NEXT","sales":29158},{"name":"cmoa","sales":11163},{"name":"ebookjapan","sales":9821},{"name":"Renta","sales":2318}],"dailyAvg":5895.1,"peakDate":"2025-04-01","peakSales":138226,"firstDate":"2025-03-01","lastDate":"2026-02-22","monthlyTrend":[{"month":"2025-03","sales":317383},{"month":"2025-04","sales":304512},{"month":"2025-05","sales":284748},{"month":"2025-06","sales":252479},{"month":"2025-07","sales":221857},{"month":"2025-08","sales":149572},{"month":"2025-09","sales":138287},{"month":"2025-10","sales":109617},{"month":"2025-11","sales":96746},{"month":"2025-12","sales":93330},{"month":"2026-01","sales":47641},{"month":"2026-02","sales":53009}]},{"titleKR":"스파클링 베이비","titleJP":"スパークリング・ベイビー","seriesName":"スパークリング・ベイビー","totalSales":2069060,"platforms":[{"name":"Mechacomic","sales":1082550},{"name":"cmoa","sales":428680},{"name":"LINEマンガ","sales":369040},{"name":"piccoma","sales":149730},{"name":"ebookjapan","sales":25900},{"name":"Renta","sales":9240},{"name":"DMM","sales":3920}],"dailyAvg":5997.28,"peakDate":"2025-08-01","peakSales":329000,"firstDate":"2025-03-01","lastDate":"2026-02-22","monthlyTrend":[{"month":"2025-03","sales":105210},{"month":"2025-04","sales":54600},{"month":"2025-05","sales":44100},{"month":"2025-06","sales":616210},{"month":"2025-07","sales":181020},{"month":"2025-08","sales":421050},{"month":"2025-09","sales":62790},{"month":"2025-10","sales":46200},{"month":"2025-11","sales":58800},{"month":"2025-12","sales":87920},{"month":"2026-01","sales":211890},{"month":"2026-02","sales":179270}]},{"titleKR":"미친개가 몽둥이를 물어버리면","titleJP":"狂犬が主に噛みついたら","seriesName":"狂犬が主","totalSales":2022028,"platforms":[{"name":"Mechacomic","sales":1807613},{"name":"piccoma","sales":144307},{"name":"Renta","sales":26615},{"name":"cmoa","sales":15006},{"name":"LINEマンガ","sales":11590},{"name":"ebookjapan","sales":9760},{"name":"U-NEXT","sales":7137}],"dailyAvg":5760.76,"peakDate":"2025-03-20","peakSales":57401,"firstDate":"2025-03-01","lastDate":"2026-02-22","monthlyTrend":[{"month":"2025-03","sales":642940},{"month":"2025-04","sales":376797},{"month":"2025-05","sales":359534},{"month":"2025-06","sales":121817},{"month":"2025-07","sales":116719},{"month":"2025-08","sales":94544},{"month":"2025-09","sales":72148},{"month":"2025-10","sales":54750},{"month":"2025-11","sales":50672},{"month":"2025-12","sales":44039},{"month":"2026-01","sales":45502},{"month":"2026-02","sales":42566}]},{"titleKR":"대학생활은 동아리부터 [판면/화별]","titleJP":"純白ユナ先輩は毎日シてみたい【分冊版】","seriesName":"","totalSales":1897380,"platforms":[{"name":"cmoa","sales":1766880},{"name":"DMM（FANZA）","sales":108960},{"name":"DMM","sales":9420},{"name":"ebookjapan","sales":9240},{"name":"LINEマンガ","sales":2640},{"name":"Renta","sales":240}],"dailyAvg":7241.91,"peakDate":"2025-12-07","peakSales":49680,"firstDate":"2025-05-04","lastDate":"2026-02-22","monthlyTrend":[{"month":"2025-05","sales":186120},{"month":"2025-06","sales":153000},{"month":"2025-07","sales":217800},{"month":"2025-08","sales":190740},{"month":"2025-09","sales":125820},{"month":"2025-10","sales":278280},{"month":"2025-11","sales":212880},{"month":"2025-12","sales":172560},{"month":"2026-01","sales":217620},{"month":"2026-02","sales":142560}]},{"titleKR":"절대역 [판면/권별]","titleJP":"融点～とけあい～ [完全版]【特装版】","seriesName":"","totalSales":1887330,"platforms":[{"name":"ebookjapan","sales":1246100},{"name":"Renta","sales":566100},{"name":"DMM","sales":54730},{"name":"LINEマンガ","sales":20400}],"dailyAvg":16270.09,"peakDate":"2025-05-18","peakSales":149600,"firstDate":"2025-05-18","lastDate":"2025-09-14","monthlyTrend":[{"month":"2025-05","sales":526970},{"month":"2025-06","sales":573260},{"month":"2025-07","sales":369750},{"month":"2025-08","sales":331500},{"month":"2025-09","sales":85850}]},{"titleKR":"입술을 훔치다","titleJP":"その唇を奪いたくて","seriesName":"その唇を奪いたくて","totalSales":1806458,"platforms":[{"name":"piccoma","sales":809291},{"name":"Mechacomic","sales":784887},{"name":"cmoa","sales":202520},{"name":"Renta","sales":5490},{"name":"DMM","sales":4270}],"dailyAvg":5031.92,"peakDate":"2025-05-12","peakSales":29638,"firstDate":"2025-03-01","lastDate":"2026-02-22","monthlyTrend":[{"month":"2025-03","sales":197417},{"month":"2025-04","sales":169512},{"month":"2025-05","sales":191394},{"month":"2025-06","sales":151352},{"month":"2025-07","sales":147630},{"month":"2025-08","sales":161270},{"month":"2025-09","sales":144675},{"month":"2025-10","sales":100781},{"month":"2025-11","sales":114183},{"month":"2025-12","sales":125019},{"month":"2026-01","sales":156704},{"month":"2026-02","sales":146521}]},{"titleKR":"오! 나의 서방님 [판면/화별]","titleJP":"我が家のヒモ男♥【分冊版】","seriesName":"","totalSales":1791180,"platforms":[{"name":"cmoa","sales":1735140},{"name":"DMM（FANZA）","sales":31980},{"name":"ebookjapan","sales":18000},{"name":"Renta","sales":3360},{"name":"DMM","sales":2700}],"dailyAvg":6836.56,"peakDate":"2025-07-06","peakSales":43800,"firstDate":"2025-05-04","lastDate":"2026-02-22","monthlyTrend":[{"month":"2025-05","sales":251640},{"month":"2025-06","sales":236280},{"month":"2025-07","sales":220080},{"month":"2025-08","sales":198000},{"month":"2025-09","sales":109020},{"month":"2025-10","sales":174360},{"month":"2025-11","sales":203040},{"month":"2025-12","sales":134400},{"month":"2026-01","sales":178740},{"month":"2026-02","sales":85620}]},{"titleKR":"향현문자[판면/권별]","titleJP":"響弦文字 [完全版]【特装版】","seriesName":"響弦文字(巻)","totalSales":1749870,"platforms":[{"name":"cmoa","sales":1112310},{"name":"ebookjapan","sales":195300},{"name":"Renta","sales":191160},{"name":"LINEマンガ","sales":166500},{"name":"まんが王国","sales":62100},{"name":"DMM","sales":22500}],"dailyAvg":7953.95,"peakDate":"2025-07-06","peakSales":71100,"firstDate":"2025-03-01","lastDate":"2026-02-22","monthlyTrend":[{"month":"2025-03","sales":138600},{"month":"2025-04","sales":132660},{"month":"2025-05","sales":204300},{"month":"2025-06","sales":219600},{"month":"2025-07","sales":379800},{"month":"2025-08","sales":237600},{"month":"2025-09","sales":101520},{"month":"2025-10","sales":54900},{"month":"2025-11","sales":188190},{"month":"2025-12","sales":31500},{"month":"2026-01","sales":36000},{"month":"2026-02","sales":25200}]},{"titleKR":"넷이선 못 살아 [판면/화별]","titleJP":"4人は無理だって！【分冊版】","seriesName":"","totalSales":1696020,"platforms":[{"name":"cmoa","sales":1558680},{"name":"ebookjapan","sales":61200},{"name":"DMM（FANZA）","sales":48960},{"name":"Renta","sales":15120},{"name":"LINEマンガ","sales":6240},{"name":"DMM","sales":5820}],"dailyAvg":6400.08,"peakDate":"2025-08-03","peakSales":33840,"firstDate":"2025-05-04","lastDate":"2026-02-21","monthlyTrend":[{"month":"2025-05","sales":185760},{"month":"2025-06","sales":127560},{"month":"2025-07","sales":171960},{"month":"2025-08","sales":256020},{"month":"2025-09","sales":155700},{"month":"2025-10","sales":300240},{"month":"2025-11","sales":184920},{"month":"2025-12","sales":91320},{"month":"2026-01","sales":136500},{"month":"2026-02","sales":86040}]},{"titleKR":"여우를 사냥하는 방법","titleJP":"あざとい彼の落とし方","seriesName":"あざとい彼","totalSales":1586327,"platforms":[{"name":"LINEマンガ","sales":725656},{"name":"Mechacomic","sales":502762},{"name":"piccoma","sales":301647},{"name":"cmoa","sales":41053},{"name":"DMM","sales":6649},{"name":"ebookjapan","sales":6527},{"name":"Renta","sales":1850},{"name":"まんが王国","sales":183}],"dailyAvg":4468.53,"peakDate":"2025-06-01","peakSales":463162,"firstDate":"2025-03-01","lastDate":"2026-02-22","monthlyTrend":[{"month":"2025-03","sales":153390},{"month":"2025-04","sales":114186},{"month":"2025-05","sales":86970},{"month":"2025-06","sales":540040},{"month":"2025-07","sales":238188},{"month":"2025-08","sales":134655},{"month":"2025-09","sales":32137},{"month":"2025-10","sales":34220},{"month":"2025-11","sales":63614},{"month":"2025-12","sales":77250},{"month":"2026-01","sales":62275},{"month":"2026-02","sales":49402}]},{"titleKR":"이웃사촌 [판면/화별]","titleJP":"小悪魔なお隣さん【分冊版】","seriesName":"小悪魔なお隣さん【分冊版】","totalSales":1546512,"platforms":[{"name":"LINEマンガ","sales":914040},{"name":"DMM（FANZA）","sales":378972},{"name":"ebookjapan","sales":219240},{"name":"Renta","sales":27600},{"name":"DMM","sales":6660}],"dailyAvg":9546.37,"peakDate":"2025-07-01","peakSales":264360,"firstDate":"2025-04-01","lastDate":"2026-01-11","monthlyTrend":[{"month":"2025-04","sales":150240},{"month":"2025-05","sales":280812},{"month":"2025-06","sales":343800},{"month":"2025-07","sales":364560},{"month":"2025-08","sales":334320},{"month":"2025-09","sales":66120},{"month":"2026-01","sales":6660}]},{"titleKR":"향현문자","titleJP":"響弦文字","seriesName":"響弦文字","totalSales":1394840,"platforms":[{"name":"piccoma","sales":786450},{"name":"LINEマンガ","sales":591290},{"name":"ebookjapan","sales":10500},{"name":"Renta","sales":6460},{"name":"まんが王国","sales":140}],"dailyAvg":3918.09,"peakDate":"2025-06-01","peakSales":195930,"firstDate":"2025-03-01","lastDate":"2026-02-22","monthlyTrend":[{"month":"2025-03","sales":114240},{"month":"2025-04","sales":176260},{"month":"2025-05","sales":200360},{"month":"2025-06","sales":277060},{"month":"2025-07","sales":238350},{"month":"2025-08","sales":163170},{"month":"2025-09","sales":35070},{"month":"2025-10","sales":36330},{"month":"2025-11","sales":39830},{"month":"2025-12","sales":37170},{"month":"2026-01","sales":37800},{"month":"2026-02","sales":39200}]},{"titleKR":"내 아내는 둘이다 ","titleJP":"妻の顔で囁くカノジョ","seriesName":"","totalSales":1390270,"platforms":[{"name":"LINEマンガ","sales":771400},{"name":"cmoa","sales":388640},{"name":"DMM（FANZA）","sales":192430},{"name":"ebookjapan","sales":20020},{"name":"Renta","sales":17780}],"dailyAvg":5286.2,"peakDate":"2025-08-01","peakSales":633290,"firstDate":"2025-04-01","lastDate":"2026-02-22","monthlyTrend":[{"month":"2025-04","sales":74900},{"month":"2025-05","sales":50050},{"month":"2025-06","sales":109200},{"month":"2025-07","sales":273035},{"month":"2025-08","sales":685405},{"month":"2025-09","sales":28280},{"month":"2025-10","sales":38290},{"month":"2025-11","sales":15330},{"month":"2025-12","sales":32200},{"month":"2026-01","sales":66290},{"month":"2026-02","sales":17290}]},{"titleKR":"빼앗기다","titleJP":"契約の鎖～地獄の１か月～","seriesName":"","totalSales":1382570,"platforms":[{"name":"cmoa","sales":1021160},{"name":"DMM（FANZA）","sales":361410}],"dailyAvg":5643.14,"peakDate":"2025-09-19","peakSales":28140,"firstDate":"2025-05-25","lastDate":"2026-02-22","monthlyTrend":[{"month":"2025-05","sales":26180},{"month":"2025-06","sales":126980},{"month":"2025-07","sales":99330},{"month":"2025-08","sales":88550},{"month":"2025-09","sales":156940},{"month":"2025-10","sales":221620},{"month":"2025-11","sales":213920},{"month":"2025-12","sales":166600},{"month":"2026-01","sales":229250},{"month":"2026-02","sales":53200}]},{"titleKR":"꽃뱀 길들이기","titleJP":"甘いトラップ","seriesName":"甘いトラップ","totalSales":1334795,"platforms":[{"name":"LINEマンガ","sales":943670},{"name":"DMM（FANZA）","sales":336805},{"name":"ebookjapan","sales":43890},{"name":"Renta","sales":9870},{"name":"DMM","sales":560}],"dailyAvg":8089.67,"peakDate":"2025-08-01","peakSales":790860,"firstDate":"2025-04-01","lastDate":"2026-01-11","monthlyTrend":[{"month":"2025-04","sales":93310},{"month":"2025-05","sales":76300},{"month":"2025-06","sales":72625},{"month":"2025-07","sales":227325},{"month":"2025-08","sales":848295},{"month":"2025-09","sales":16380},{"month":"2026-01","sales":560}]},{"titleKR":"같이가용","titleJP":"ドラゴンよ、一緒にイこう","seriesName":"","totalSales":1210140,"platforms":[{"name":"piccoma","sales":680890},{"name":"Mechacomic","sales":334040},{"name":"cmoa","sales":155190},{"name":"Renta","sales":17060},{"name":"LINEマンガ","sales":14560},{"name":"ebookjapan","sales":7210},{"name":"DMM","sales":1190}],"dailyAvg":4532.36,"peakDate":"2025-06-12","peakSales":55790,"firstDate":"2025-04-10","lastDate":"2026-02-22","monthlyTrend":[{"month":"2025-04","sales":3360},{"month":"2025-05","sales":2940},{"month":"2025-06","sales":211050},{"month":"2025-07","sales":105350},{"month":"2025-08","sales":69020},{"month":"2025-09","sales":274730},{"month":"2025-10","sales":156240},{"month":"2025-11","sales":140560},{"month":"2025-12","sales":106190},{"month":"2026-01","sales":93030},{"month":"2026-02","sales":47670}]},{"titleKR":"괴물을 부르는 공녀님","titleJP":"怪物を呼ぶ公女様","seriesName":"怪物を呼ぶ公女様","totalSales":1120917,"platforms":[{"name":"Mechacomic","sales":896212},{"name":"piccoma","sales":181395},{"name":"LINEマンガ","sales":26962},{"name":"Renta","sales":8418},{"name":"U-NEXT","sales":5978},{"name":"ebookjapan","sales":1098},{"name":"cmoa","sales":793},{"name":"まんが王国","sales":61}],"dailyAvg":3989.03,"peakDate":"2025-07-26","peakSales":101808,"firstDate":"2025-03-05","lastDate":"2026-02-22","monthlyTrend":[{"month":"2025-03","sales":46474},{"month":"2025-04","sales":14924},{"month":"2025-05","sales":23147},{"month":"2025-06","sales":9746},{"month":"2025-07","sales":368844},{"month":"2025-08","sales":317600},{"month":"2025-09","sales":139290},{"month":"2025-10","sales":65136},{"month":"2025-11","sales":28603},{"month":"2025-12","sales":55625},{"month":"2026-01","sales":26584},{"month":"2026-02","sales":24944}]},{"titleKR":"신도시 배달기사","titleJP":"ニュータウン配達員のお仕事","seriesName":"","totalSales":1042755,"platforms":[{"name":"DMM（FANZA）","sales":805735},{"name":"cmoa","sales":208600},{"name":"DMM","sales":17430},{"name":"LINEマンガ","sales":8680},{"name":"Renta","sales":2310}],"dailyAvg":3979.98,"peakDate":"2025-07-20","peakSales":24780,"firstDate":"2025-04-01","lastDate":"2026-02-22","monthlyTrend":[{"month":"2025-04","sales":126420},{"month":"2025-05","sales":122010},{"month":"2025-06","sales":178360},{"month":"2025-07","sales":211855},{"month":"2025-08","sales":203910},{"month":"2025-09","sales":94500},{"month":"2025-10","sales":23870},{"month":"2025-11","sales":38640},{"month":"2025-12","sales":13930},{"month":"2026-01","sales":27930},{"month":"2026-02","sales":1330}]},{"titleKR":"나 혼자 만렙 뉴비 [판면/화별]","titleJP":"俺だけレベルMAXなビギナー【連載版】","seriesName":"俺だけレベルMAX【連載版】","totalSales":1009560,"platforms":[{"name":"cmoa","sales":942600},{"name":"DMM","sales":33360},{"name":"ebookjapan","sales":20640},{"name":"LINEマンガ","sales":12000},{"name":"Renta","sales":960}],"dailyAvg":3194.81,"peakDate":"2026-01-02","peakSales":21120,"firstDate":"2025-03-01","lastDate":"2026-02-22","monthlyTrend":[{"month":"2025-03","sales":96000},{"month":"2025-04","sales":75840},{"month":"2025-05","sales":134520},{"month":"2025-06","sales":74040},{"month":"2025-07","sales":102000},{"month":"2025-08","sales":117120},{"month":"2025-09","sales":75000},{"month":"2025-10","sales":93600},{"month":"2025-11","sales":57240},{"month":"2025-12","sales":49440},{"month":"2026-01","sales":112320},{"month":"2026-02","sales":22440}]},{"titleKR":"이 시국에 개인교습[개정판]","titleJP":"このご時世に家庭教師[改訂版]","seriesName":"","totalSales":950740,"platforms":[{"name":"Mechacomic","sales":950740}],"dailyAvg":6133.81,"peakDate":"2025-09-24","peakSales":25760,"firstDate":"2025-09-14","lastDate":"2026-02-22","monthlyTrend":[{"month":"2025-09","sales":202160},{"month":"2025-10","sales":265160},{"month":"2025-11","sales":158760},{"month":"2025-12","sales":121450},{"month":"2026-01","sales":106890},{"month":"2026-02","sales":96320}]},{"titleKR":"비혼주의입니다만?!","titleJP":"非婚主義ですが！？～本格異世界性戦～","seriesName":"非婚主義","totalSales":942210,"platforms":[{"name":"Mechacomic","sales":301560},{"name":"cmoa","sales":297990},{"name":"piccoma","sales":181590},{"name":"LINEマンガ","sales":100450},{"name":"Renta","sales":51170},{"name":"DMM","sales":5530},{"name":"ebookjapan","sales":3920}],"dailyAvg":2699.74,"peakDate":"2025-08-01","peakSales":58170,"firstDate":"2025-03-01","lastDate":"2026-02-22","monthlyTrend":[{"month":"2025-03","sales":91140},{"month":"2025-04","sales":76350},{"month":"2025-05","sales":51940},{"month":"2025-06","sales":58100},{"month":"2025-07","sales":98140},{"month":"2025-08","sales":118930},{"month":"2025-09","sales":61830},{"month":"2025-10","sales":79760},{"month":"2025-11","sales":97730},{"month":"2025-12","sales":92740},{"month":"2026-01","sales":77440},{"month":"2026-02","sales":38110}]},{"titleKR":"부식인 [판면/권별]","titleJP":"腐食人【特装版】","seriesName":"腐食人","totalSales":848236,"platforms":[{"name":"cmoa","sales":842916},{"name":"DMM","sales":5320}],"dailyAvg":8078.44,"peakDate":"2025-11-16","peakSales":82612,"firstDate":"2025-09-13","lastDate":"2026-02-22","monthlyTrend":[{"month":"2025-09","sales":140600},{"month":"2025-10","sales":79040},{"month":"2025-11","sales":328396},{"month":"2025-12","sales":90440},{"month":"2026-01","sales":88920},{"month":"2026-02","sales":120840}]},{"titleKR":"꽃뱀 길들이기 [판면/화별]","titleJP":"甘いトラップ【分冊版】","seriesName":"甘いトラップ【分冊版】","totalSales":775420,"platforms":[{"name":"cmoa","sales":670060},{"name":"DMM（FANZA）","sales":40020},{"name":"ebookjapan","sales":29520},{"name":"Renta","sales":24960},{"name":"LINEマンガ","sales":10200},{"name":"DMM","sales":660}],"dailyAvg":2759.5,"peakDate":"2025-07-07","peakSales":18120,"firstDate":"2025-03-01","lastDate":"2026-02-22","monthlyTrend":[{"month":"2025-03","sales":66160},{"month":"2025-04","sales":53280},{"month":"2025-05","sales":94800},{"month":"2025-06","sales":88320},{"month":"2025-07","sales":97800},{"month":"2025-08","sales":98760},{"month":"2025-09","sales":32220},{"month":"2025-10","sales":51360},{"month":"2025-11","sales":58920},{"month":"2025-12","sales":33720},{"month":"2026-01","sales":72180},{"month":"2026-02","sales":27900}]},{"titleKR":"네크로맨서 생존기","titleJP":"ネクロマンサー生存記","seriesName":"ネクロマンサー生存記","totalSales":772260,"platforms":[{"name":"piccoma","sales":609300},{"name":"Mechacomic","sales":96720},{"name":"cmoa","sales":66240}],"dailyAvg":2319.1,"peakDate":"2025-05-10","peakSales":13380,"firstDate":"2025-03-01","lastDate":"2026-02-22","monthlyTrend":[{"month":"2025-03","sales":54420},{"month":"2025-04","sales":99840},{"month":"2025-05","sales":126660},{"month":"2025-06","sales":68640},{"month":"2025-07","sales":62460},{"month":"2025-08","sales":67500},{"month":"2025-09","sales":46020},{"month":"2025-10","sales":61860},{"month":"2025-11","sales":65340},{"month":"2025-12","sales":46560},{"month":"2026-01","sales":56640},{"month":"2026-02","sales":16320}]},{"titleKR":"내 맘 같지 않아","titleJP":"僕に教えて","seriesName":"僕に教えて","totalSales":749805,"platforms":[{"name":"LINEマンガ","sales":551740},{"name":"DMM（FANZA）","sales":126385},{"name":"Mechacomic","sales":41790},{"name":"ebookjapan","sales":17360},{"name":"まんが王国","sales":10290},{"name":"Renta","sales":1470},{"name":"DMM","sales":770}],"dailyAvg":5171.07,"peakDate":"2025-08-01","peakSales":422870,"firstDate":"2025-04-01","lastDate":"2026-02-22","monthlyTrend":[{"month":"2025-04","sales":51380},{"month":"2025-05","sales":34615},{"month":"2025-06","sales":21455},{"month":"2025-07","sales":150815},{"month":"2025-08","sales":441210},{"month":"2025-09","sales":7770},{"month":"2026-01","sales":770},{"month":"2026-02","sales":41790}]},{"titleKR":"1을 줄게 [판면/화별]","titleJP":"１をあげる [完全版]【分冊版】","seriesName":"１をあげる [完全版]【分冊版】","totalSales":729938,"platforms":[{"name":"cmoa","sales":724114},{"name":"ebookjapan","sales":5096},{"name":"Renta","sales":546},{"name":"まんが王国","sales":182}],"dailyAvg":3106.12,"peakDate":"2025-05-18","peakSales":45591,"firstDate":"2025-05-18","lastDate":"2026-02-21","monthlyTrend":[{"month":"2025-05","sales":91819},{"month":"2025-06","sales":105742},{"month":"2025-07","sales":78715},{"month":"2025-08","sales":138229},{"month":"2025-09","sales":45409},{"month":"2025-10","sales":41223},{"month":"2025-11","sales":37401},{"month":"2025-12","sales":55146},{"month":"2026-01","sales":121212},{"month":"2026-02","sales":15042}]},{"titleKR":"너의 비밀을 알고 있다","titleJP":"秘密の底で","seriesName":"秘密の底で","totalSales":726464,"platforms":[{"name":"Mechacomic","sales":554002},{"name":"piccoma","sales":88705},{"name":"cmoa","sales":55807},{"name":"Renta","sales":27035},{"name":"ebookjapan","sales":732},{"name":"LINEマンガ","sales":183}],"dailyAvg":2188.14,"peakDate":"2025-03-22","peakSales":22558,"firstDate":"2025-03-01","lastDate":"2026-02-22","monthlyTrend":[{"month":"2025-03","sales":173616},{"month":"2025-04","sales":77337},{"month":"2025-05","sales":61359},{"month":"2025-06","sales":60854},{"month":"2025-07","sales":26594},{"month":"2025-08","sales":41964},{"month":"2025-09","sales":31055},{"month":"2025-10","sales":88567},{"month":"2025-11","sales":78628},{"month":"2025-12","sales":36356},{"month":"2026-01","sales":32874},{"month":"2026-02","sales":17260}]},{"titleKR":"오빠를 꼬시려 했는데 남주가 넘어왔다","titleJP":"お兄様を誘惑するつもりだったのに！","seriesName":"お兄様を誘惑","totalSales":708903,"platforms":[{"name":"Mechacomic","sales":511241},{"name":"piccoma","sales":133776},{"name":"cmoa","sales":29646},{"name":"U-NEXT","sales":17873},{"name":"Renta","sales":16367}],"dailyAvg":2025.44,"peakDate":"2026-01-25","peakSales":14028,"firstDate":"2025-03-01","lastDate":"2026-02-22","monthlyTrend":[{"month":"2025-03","sales":57444},{"month":"2025-04","sales":70074},{"month":"2025-05","sales":61959},{"month":"2025-06","sales":74033},{"month":"2025-07","sales":61621},{"month":"2025-08","sales":43285},{"month":"2025-09","sales":76606},{"month":"2025-10","sales":62940},{"month":"2025-11","sales":80862},{"month":"2025-12","sales":40916},{"month":"2026-01","sales":54035},{"month":"2026-02","sales":25128}]},{"titleKR":"하녀갱생 [판면/화별]","titleJP":"召使い更生道【分冊版】","seriesName":"召使い更生道【分冊版】","totalSales":705420,"platforms":[{"name":"cmoa","sales":555060},{"name":"LINEマンガ","sales":58680},{"name":"ebookjapan","sales":47280},{"name":"DMM（FANZA）","sales":33360},{"name":"Renta","sales":7560},{"name":"DMM","sales":3480}],"dailyAvg":2632.16,"peakDate":"2025-08-01","peakSales":32520,"firstDate":"2025-03-01","lastDate":"2026-02-22","monthlyTrend":[{"month":"2025-03","sales":61800},{"month":"2025-04","sales":65400},{"month":"2025-05","sales":92040},{"month":"2025-06","sales":82800},{"month":"2025-07","sales":79560},{"month":"2025-08","sales":91140},{"month":"2025-09","sales":40380},{"month":"2025-10","sales":46080},{"month":"2025-11","sales":49200},{"month":"2025-12","sales":36720},{"month":"2026-01","sales":43680},{"month":"2026-02","sales":16620}]},{"titleKR":"최면경비원","titleJP":"詐欺られた俺、チートスマホで無双する","seriesName":"","totalSales":698460,"platforms":[{"name":"cmoa","sales":698460}],"dailyAvg":5587.68,"peakDate":"2025-11-16","peakSales":20790,"firstDate":"2025-10-01","lastDate":"2026-02-22","monthlyTrend":[{"month":"2025-10","sales":189350},{"month":"2025-11","sales":185080},{"month":"2025-12","sales":142590},{"month":"2026-01","sales":128520},{"month":"2026-02","sales":52920}]},{"titleKR":"자취방 누나들 [판면/화별]","titleJP":"ワケあり姉妹の恋模様【分冊版】","seriesName":"ワケあり姉妹【分冊版】","totalSales":654300,"platforms":[{"name":"cmoa","sales":382260},{"name":"LINEマンガ","sales":220200},{"name":"DMM（FANZA）","sales":38100},{"name":"ebookjapan","sales":9600},{"name":"Renta","sales":2640},{"name":"DMM","sales":1500}],"dailyAvg":2575.98,"peakDate":"2025-08-01","peakSales":170280,"firstDate":"2025-03-01","lastDate":"2026-02-21","monthlyTrend":[{"month":"2025-03","sales":34680},{"month":"2025-04","sales":39000},{"month":"2025-05","sales":74880},{"month":"2025-06","sales":66720},{"month":"2025-07","sales":92640},{"month":"2025-08","sales":212160},{"month":"2025-09","sales":22380},{"month":"2025-10","sales":22440},{"month":"2025-11","sales":36240},{"month":"2025-12","sales":21600},{"month":"2026-01","sales":16260},{"month":"2026-02","sales":15300}]},{"titleKR":"집착 흑막들의 시터가 되어버렸다","titleJP":"執着系黒幕一家のお世話係になりました！？","seriesName":"執着系黒幕一家","totalSales":646224,"platforms":[{"name":"Mechacomic","sales":546377},{"name":"cmoa","sales":57523},{"name":"U-NEXT","sales":21655},{"name":"Renta","sales":19266},{"name":"まんが王国","sales":1403}],"dailyAvg":1900.66,"peakDate":"2025-09-11","peakSales":11834,"firstDate":"2025-03-01","lastDate":"2026-02-22","monthlyTrend":[{"month":"2025-03","sales":64111},{"month":"2025-04","sales":78396},{"month":"2025-05","sales":66795},{"month":"2025-06","sales":35441},{"month":"2025-07","sales":32086},{"month":"2025-08","sales":50386},{"month":"2025-09","sales":104716},{"month":"2025-10","sales":37637},{"month":"2025-11","sales":51118},{"month":"2025-12","sales":25864},{"month":"2026-01","sales":55937},{"month":"2026-02","sales":43737}]},{"titleKR":"선생님께, 바네사로부터","titleJP":"親愛なる先生へ、バネッサより","seriesName":"バネッサ","totalSales":634827,"platforms":[{"name":"Mechacomic","sales":634827}],"dailyAvg":1941.37,"peakDate":"2025-03-24","peakSales":19215,"firstDate":"2025-03-01","lastDate":"2026-02-22","monthlyTrend":[{"month":"2025-03","sales":143167},{"month":"2025-04","sales":113216},{"month":"2025-05","sales":58133},{"month":"2025-06","sales":40138},{"month":"2025-07","sales":22936},{"month":"2025-08","sales":39223},{"month":"2025-09","sales":46909},{"month":"2025-10","sales":35014},{"month":"2025-11","sales":25010},{"month":"2025-12","sales":31354},{"month":"2026-01","sales":34587},{"month":"2026-02","sales":45140}]},{"titleKR":"우리집에 왜 왔니","titleJP":"守って！ボディーガード","seriesName":"","totalSales":557480,"platforms":[{"name":"cmoa","sales":520520},{"name":"DMM（FANZA）","sales":35210},{"name":"DMM","sales":1750}],"dailyAvg":2759.8,"peakDate":"2025-08-10","peakSales":13300,"firstDate":"2025-06-22","lastDate":"2026-02-21","monthlyTrend":[{"month":"2025-06","sales":41230},{"month":"2025-07","sales":112490},{"month":"2025-08","sales":137725},{"month":"2025-09","sales":70315},{"month":"2025-10","sales":67900},{"month":"2025-11","sales":40670},{"month":"2025-12","sales":47670},{"month":"2026-01","sales":37590},{"month":"2026-02","sales":1890}]},{"titleKR":"제로 데이 어택(완전판)","titleJP":"天才ハッカーたちのラブゲーム～ゼロ・デイ・アタック～[完全版]","seriesName":"ゼロ・デイ・アタック","totalSales":543022,"platforms":[{"name":"cmoa","sales":446886},{"name":"LINEマンガ","sales":67161},{"name":"ebookjapan","sales":27328},{"name":"DMM","sales":1647}],"dailyAvg":3067.92,"peakDate":"2025-08-01","peakSales":56242,"firstDate":"2025-05-29","lastDate":"2026-02-21","monthlyTrend":[{"month":"2025-05","sales":19215},{"month":"2025-06","sales":87962},{"month":"2025-07","sales":125233},{"month":"2025-08","sales":155428},{"month":"2025-09","sales":76250},{"month":"2025-10","sales":26352},{"month":"2025-11","sales":32147},{"month":"2025-12","sales":15738},{"month":"2026-01","sales":1891},{"month":"2026-02","sales":2806}]},{"titleKR":"미필적 꼴림","titleJP":"再会はモテ期の始まり？","seriesName":"","totalSales":534450,"platforms":[{"name":"cmoa","sales":328580},{"name":"DMM（FANZA）","sales":205660},{"name":"DMM","sales":210}],"dailyAvg":2509.15,"peakDate":"2025-09-16","peakSales":21560,"firstDate":"2025-05-25","lastDate":"2026-02-22","monthlyTrend":[{"month":"2025-05","sales":13230},{"month":"2025-06","sales":79800},{"month":"2025-07","sales":64470},{"month":"2025-08","sales":43960},{"month":"2025-09","sales":82600},{"month":"2025-10","sales":151760},{"month":"2025-11","sales":45640},{"month":"2025-12","sales":22960},{"month":"2026-01","sales":26250},{"month":"2026-02","sales":3780}]},{"titleKR":"제로 데이 어택(완전판)","titleJP":"天才ハッカーたちのラブゲーム～ゼロ・デイ・アタック～［完全版］","seriesName":"","totalSales":525020,"platforms":[{"name":"piccoma","sales":454260},{"name":"Renta","sales":70760}],"dailyAvg":2215.27,"peakDate":"2025-09-13","peakSales":19247,"firstDate":"2025-04-10","lastDate":"2026-02-22","monthlyTrend":[{"month":"2025-04","sales":13298},{"month":"2025-05","sales":20374},{"month":"2025-06","sales":6527},{"month":"2025-07","sales":17324},{"month":"2025-08","sales":9394},{"month":"2025-09","sales":200823},{"month":"2025-10","sales":96236},{"month":"2025-11","sales":41601},{"month":"2025-12","sales":61398},{"month":"2026-01","sales":48179},{"month":"2026-02","sales":9866}]},{"titleKR":"속궁합 컨설팅","titleJP":"♂♀コンサルタント【完全版】","seriesName":"コンサルタント","totalSales":506520,"platforms":[{"name":"cmoa","sales":466380},{"name":"ebookjapan","sales":36780},{"name":"Renta","sales":3360}],"dailyAvg":2291.95,"peakDate":"2025-09-16","peakSales":21360,"firstDate":"2025-04-04","lastDate":"2026-02-21","monthlyTrend":[{"month":"2025-04","sales":840},{"month":"2025-05","sales":5460},{"month":"2025-06","sales":6420},{"month":"2025-07","sales":9000},{"month":"2025-08","sales":13800},{"month":"2025-09","sales":100860},{"month":"2025-10","sales":188220},{"month":"2025-11","sales":95640},{"month":"2025-12","sales":34020},{"month":"2026-01","sales":45060},{"month":"2026-02","sales":7200}]},{"titleKR":"백룡공작 팬드래건(웹소설)","titleJP":"白龍公爵ペンドラゴン（ノベル）","seriesName":"ペンドラゴン(ノベル）","totalSales":500096,"platforms":[{"name":"piccoma","sales":500096}],"dailyAvg":1437.06,"peakDate":"2025-03-20","peakSales":13045,"firstDate":"2025-03-01","lastDate":"2026-02-22","monthlyTrend":[{"month":"2025-03","sales":36081},{"month":"2025-04","sales":68282},{"month":"2025-05","sales":40961},{"month":"2025-06","sales":20465},{"month":"2025-07","sales":60497},{"month":"2025-08","sales":25012},{"month":"2025-09","sales":30637},{"month":"2025-10","sales":27283},{"month":"2025-11","sales":31424},{"month":"2025-12","sales":59228},{"month":"2026-01","sales":63363},{"month":"2026-02","sales":36863}]},{"titleKR":"집착당하면 파멸합니다","titleJP":"彼らの執着が私を壊す前に","seriesName":"","totalSales":497120,"platforms":[{"name":"Mechacomic","sales":497120}],"dailyAvg":165706.67,"peakDate":"2026-02-22","peakSales":208845,"firstDate":"2026-02-20","lastDate":"2026-02-22","monthlyTrend":[{"month":"2026-02","sales":497120}]},{"titleKR":"비혼주의입니다만?! [판면/화별]","titleJP":"非婚主義ですが⁉~本格異世界性戦～【分冊版】","seriesName":"非婚主義【分冊版】","totalSales":493200,"platforms":[{"name":"cmoa","sales":388800},{"name":"Renta","sales":52920},{"name":"ebookjapan","sales":41760},{"name":"LINEマンガ","sales":9720}],"dailyAvg":2252.05,"peakDate":"2025-03-09","peakSales":16560,"firstDate":"2025-03-01","lastDate":"2026-02-22","monthlyTrend":[{"month":"2025-03","sales":83160},{"month":"2025-04","sales":46620},{"month":"2025-05","sales":59040},{"month":"2025-06","sales":64800},{"month":"2025-07","sales":52020},{"month":"2025-08","sales":63900},{"month":"2025-09","sales":32580},{"month":"2025-10","sales":23400},{"month":"2025-11","sales":38160},{"month":"2025-12","sales":18720},{"month":"2026-01","sales":6300},{"month":"2026-02","sales":4500}]},{"titleKR":"내 부하들이 미친듯이 유능하다","titleJP":"家来たちがガチで優秀すぎた件","seriesName":"家来たちがガチで優秀","totalSales":417736,"platforms":[{"name":"piccoma","sales":417736}],"dailyAvg":1360.7,"peakDate":"2025-06-17","peakSales":12243,"firstDate":"2025-03-01","lastDate":"2026-02-21","monthlyTrend":[{"month":"2025-03","sales":28080},{"month":"2025-04","sales":16632},{"month":"2025-05","sales":30455},{"month":"2025-06","sales":118470},{"month":"2025-07","sales":50127},{"month":"2025-08","sales":50010},{"month":"2025-09","sales":55550},{"month":"2025-10","sales":13038},{"month":"2025-11","sales":6703},{"month":"2025-12","sales":7066},{"month":"2026-01","sales":24490},{"month":"2026-02","sales":17115}]},{"titleKR":"울프트랩[개정판]","titleJP":"幼馴染のエロトラップ～発情した狼は甘すぎる～","seriesName":"","totalSales":400597,"platforms":[{"name":"piccoma","sales":389722},{"name":"Renta","sales":10800},{"name":"まんが王国","sales":75}],"dailyAvg":5642.21,"peakDate":"2026-02-11","peakSales":29818,"firstDate":"2025-08-31","lastDate":"2026-02-22","monthlyTrend":[{"month":"2025-08","sales":1875},{"month":"2025-09","sales":9000},{"month":"2025-12","sales":15654},{"month":"2026-01","sales":146407},{"month":"2026-02","sales":227661}]},{"titleKR":"누드 갓 모델","titleJP":"ゴッドモデル","seriesName":"","totalSales":376880,"platforms":[{"name":"DMM（FANZA）","sales":370090},{"name":"DMM","sales":6790}],"dailyAvg":3221.2,"peakDate":"2025-06-15","peakSales":17640,"firstDate":"2025-05-25","lastDate":"2026-01-11","monthlyTrend":[{"month":"2025-05","sales":17220},{"month":"2025-06","sales":117180},{"month":"2025-07","sales":129080},{"month":"2025-08","sales":94500},{"month":"2025-09","sales":12110},{"month":"2026-01","sales":6790}]},{"titleKR":"삼켜지는 밤","titleJP":"夜に呑まれる","seriesName":"","totalSales":375150,"platforms":[{"name":"Mechacomic","sales":317325},{"name":"cmoa","sales":57825}],"dailyAvg":8932.14,"peakDate":"2026-01-11","peakSales":39750,"firstDate":"2026-01-11","lastDate":"2026-02-22","monthlyTrend":[{"month":"2026-01","sales":179250},{"month":"2026-02","sales":195900}]},{"titleKR":"날 것[개정판]","titleJP":"ナマモノ[改訂版]","seriesName":"ナマモノ[改訂版]","totalSales":365580,"platforms":[{"name":"piccoma","sales":310450},{"name":"Renta","sales":50580},{"name":"まんが王国","sales":4550}],"dailyAvg":1562.31,"peakDate":"2025-11-03","peakSales":12950,"firstDate":"2025-05-15","lastDate":"2026-02-22","monthlyTrend":[{"month":"2025-05","sales":11340},{"month":"2025-06","sales":22470},{"month":"2025-07","sales":12950},{"month":"2025-08","sales":6580},{"month":"2025-09","sales":70810},{"month":"2025-10","sales":88970},{"month":"2025-11","sales":72660},{"month":"2025-12","sales":24710},{"month":"2026-01","sales":32550},{"month":"2026-02","sales":22540}]},{"titleKR":"축구 재능 다 내꺼","titleJP":"KICK-OFF！～その才能は俺のものだ！～","seriesName":"KICK-OFF","totalSales":359900,"platforms":[{"name":"Mechacomic","sales":359900}],"dailyAvg":1416.93,"peakDate":"2026-01-04","peakSales":9821,"firstDate":"2025-03-03","lastDate":"2026-02-21","monthlyTrend":[{"month":"2025-03","sales":9699},{"month":"2025-04","sales":37332},{"month":"2025-05","sales":70821},{"month":"2025-06","sales":54351},{"month":"2025-07","sales":50203},{"month":"2025-08","sales":48617},{"month":"2025-09","sales":13298},{"month":"2025-10","sales":23180},{"month":"2025-11","sales":11346},{"month":"2025-12","sales":15433},{"month":"2026-01","sales":13664},{"month":"2026-02","sales":11956}]},{"titleKR":"니들이 어둠의 자식들이냐","titleJP":"管理人さんと秘密の家チン交渉","seriesName":"","totalSales":333830,"platforms":[{"name":"cmoa","sales":333830}],"dailyAvg":2714.07,"peakDate":"2025-10-19","peakSales":12320,"firstDate":"2025-10-01","lastDate":"2026-02-22","monthlyTrend":[{"month":"2025-10","sales":81550},{"month":"2025-11","sales":99260},{"month":"2025-12","sales":51030},{"month":"2026-01","sales":81620},{"month":"2026-02","sales":20370}]},{"titleKR":"틈 없이 맞닿은","titleJP":"避けられない愛","seriesName":"避けられない愛","totalSales":322050,"platforms":[{"name":"cmoa","sales":322050}],"dailyAvg":3975.93,"peakDate":"2026-01-12","peakSales":22725,"firstDate":"2025-11-08","lastDate":"2026-02-22","monthlyTrend":[{"month":"2025-11","sales":66750},{"month":"2025-12","sales":50325},{"month":"2026-01","sales":164700},{"month":"2026-02","sales":40275}]},{"titleKR":"이 시국에 개인교습","titleJP":"このご時世に家庭教師","seriesName":"","totalSales":310870,"platforms":[{"name":"cmoa","sales":244440},{"name":"Mechacomic","sales":66430}],"dailyAvg":4378.45,"peakDate":"2026-01-04","peakSales":16660,"firstDate":"2025-12-01","lastDate":"2026-02-22","monthlyTrend":[{"month":"2025-12","sales":55860},{"month":"2026-01","sales":164780},{"month":"2026-02","sales":90230}]},{"titleKR":"재앙급 영웅님이 귀환하셨다(웹소설)","titleJP":"災いクラスの俺様英雄の帰還(ノベル）","seriesName":"災いクラス(ノベル）","totalSales":305815,"platforms":[{"name":"piccoma","sales":305815}],"dailyAvg":1040.19,"peakDate":"2025-03-29","peakSales":8845,"firstDate":"2025-03-01","lastDate":"2026-02-22","monthlyTrend":[{"month":"2025-03","sales":41397},{"month":"2025-04","sales":30529},{"month":"2025-05","sales":30863},{"month":"2025-06","sales":37870},{"month":"2025-07","sales":28961},{"month":"2025-08","sales":33844},{"month":"2025-09","sales":37794},{"month":"2025-10","sales":14834},{"month":"2025-11","sales":14239},{"month":"2025-12","sales":25831},{"month":"2026-01","sales":9131},{"month":"2026-02","sales":522}]},{"titleKR":"한번만 더","titleJP":"もう一回～止まらないおねだり～","seriesName":"","totalSales":277690,"platforms":[{"name":"cmoa","sales":277690}],"dailyAvg":30854.44,"peakDate":"2026-02-22","peakSales":41860,"firstDate":"2026-02-01","lastDate":"2026-02-22","monthlyTrend":[{"month":"2026-02","sales":277690}]},{"titleKR":"언아더 헤븐","titleJP":"君に捧げるもう一つの世界～アナザー・ヘブン～","seriesName":"","totalSales":273011,"platforms":[{"name":"Mechacomic","sales":266936},{"name":"piccoma","sales":6075}],"dailyAvg":2967.51,"peakDate":"2025-11-15","peakSales":13847,"firstDate":"2025-11-14","lastDate":"2026-02-22","monthlyTrend":[{"month":"2025-11","sales":127917},{"month":"2025-12","sales":77836},{"month":"2026-01","sales":38247},{"month":"2026-02","sales":29011}]},{"titleKR":"내가 선택한 짐승","titleJP":"ケダモノの花嫁","seriesName":"","totalSales":272025,"platforms":[{"name":"Mechacomic","sales":272025}],"dailyAvg":68006.25,"peakDate":"2026-02-19","peakSales":143585,"firstDate":"2026-02-19","lastDate":"2026-02-22","monthlyTrend":[{"month":"2026-02","sales":272025}]},{"titleKR":"멍청바이러스","titleJP":"クソ女上司を言いなりにさせてみた","seriesName":"","totalSales":254625,"platforms":[{"name":"cmoa","sales":223930},{"name":"DMM（FANZA）","sales":19985},{"name":"DMM","sales":10710}],"dailyAvg":2829.17,"peakDate":"2026-01-05","peakSales":14070,"firstDate":"2025-08-24","lastDate":"2026-02-22","monthlyTrend":[{"month":"2025-08","sales":7455},{"month":"2025-09","sales":12530},{"month":"2025-11","sales":16660},{"month":"2025-12","sales":95060},{"month":"2026-01","sales":103670},{"month":"2026-02","sales":19250}]},{"titleKR":"싸움귀","titleJP":"極炎の闘鬼","seriesName":"極炎の闘鬼","totalSales":248955,"platforms":[{"name":"LINEマンガ","sales":148352},{"name":"piccoma","sales":80717},{"name":"Mechacomic","sales":13603},{"name":"U-NEXT","sales":4453},{"name":"cmoa","sales":1830}],"dailyAvg":1296.64,"peakDate":"2025-05-01","peakSales":120536,"firstDate":"2025-03-01","lastDate":"2026-02-19","monthlyTrend":[{"month":"2025-03","sales":7436},{"month":"2025-04","sales":24803},{"month":"2025-05","sales":128822},{"month":"2025-06","sales":23164},{"month":"2025-07","sales":17379},{"month":"2025-08","sales":7988},{"month":"2025-09","sales":10482},{"month":"2025-10","sales":8167},{"month":"2025-11","sales":8712},{"month":"2025-12","sales":3534},{"month":"2026-01","sales":2681},{"month":"2026-02","sales":5787}]},{"titleKR":"금남톡방","titleJP":"このギルド、男子禁制につき","seriesName":"","totalSales":242620,"platforms":[{"name":"cmoa","sales":242620}],"dailyAvg":4757.25,"peakDate":"2025-12-28","peakSales":21420,"firstDate":"2025-12-21","lastDate":"2026-02-22","monthlyTrend":[{"month":"2025-12","sales":103530},{"month":"2026-01","sales":117040},{"month":"2026-02","sales":22050}]},{"titleKR":"머리 없는 마녀님","titleJP":"頭を失った魔女様","seriesName":"頭を失った魔女様","totalSales":221283,"platforms":[{"name":"piccoma","sales":220282},{"name":"cmoa","sales":1001}],"dailyAvg":1756.21,"peakDate":"2025-06-03","peakSales":9727,"firstDate":"2025-03-01","lastDate":"2026-02-17","monthlyTrend":[{"month":"2025-03","sales":9365},{"month":"2025-04","sales":51910},{"month":"2025-05","sales":68275},{"month":"2025-06","sales":33820},{"month":"2025-07","sales":3455},{"month":"2025-08","sales":7546},{"month":"2025-09","sales":2365},{"month":"2025-10","sales":9092},{"month":"2025-11","sales":8182},{"month":"2026-01","sales":21455},{"month":"2026-02","sales":5818}]},{"titleKR":"방주인은 전데요 [판면/화별]","titleJP":"利息はカラダで払ってね？【分冊版】","seriesName":"","totalSales":217140,"platforms":[{"name":"cmoa","sales":210300},{"name":"DMM","sales":6840}],"dailyAvg":1974,"peakDate":"2025-10-12","peakSales":9360,"firstDate":"2025-10-01","lastDate":"2026-02-22","monthlyTrend":[{"month":"2025-10","sales":59520},{"month":"2025-11","sales":53040},{"month":"2025-12","sales":32040},{"month":"2026-01","sales":50400},{"month":"2026-02","sales":22140}]},{"titleKR":"이웃사촌[개정판]","titleJP":"小悪魔なお隣さん[改訂版]","seriesName":"","totalSales":209510,"platforms":[{"name":"Mechacomic","sales":209510}],"dailyAvg":1465.1,"peakDate":"2025-09-21","peakSales":9310,"firstDate":"2025-09-14","lastDate":"2026-02-22","monthlyTrend":[{"month":"2025-09","sales":65240},{"month":"2025-10","sales":55020},{"month":"2025-11","sales":34370},{"month":"2025-12","sales":30100},{"month":"2026-01","sales":13440},{"month":"2026-02","sales":11340}]},{"titleKR":"솔티러스트 [판면/권별]","titleJP":"ソルティラスト(巻)","seriesName":"ソルティラスト(巻)","totalSales":200160,"platforms":[{"name":"cmoa","sales":139860},{"name":"ebookjapan","sales":32400},{"name":"LINEマンガ","sales":17100},{"name":"DMM","sales":5400},{"name":"Renta","sales":5400}],"dailyAvg":3639.27,"peakDate":"2025-11-16","peakSales":19620,"firstDate":"2025-07-01","lastDate":"2026-02-09","monthlyTrend":[{"month":"2025-07","sales":16200},{"month":"2025-08","sales":55800},{"month":"2025-09","sales":50670},{"month":"2025-10","sales":30600},{"month":"2025-11","sales":31590},{"month":"2025-12","sales":7200},{"month":"2026-01","sales":5400},{"month":"2026-02","sales":2700}]},{"titleKR":"회장님의 백만가지 대본","titleJP":"会長との億の台本","seriesName":"会長との億","totalSales":196967,"platforms":[{"name":"piccoma","sales":99908},{"name":"Mechacomic","sales":70638},{"name":"cmoa","sales":25506},{"name":"Renta","sales":915}],"dailyAvg":726.82,"peakDate":"2025-10-04","peakSales":6710,"firstDate":"2025-03-06","lastDate":"2026-02-21","monthlyTrend":[{"month":"2025-03","sales":26642},{"month":"2025-04","sales":18471},{"month":"2025-05","sales":14563},{"month":"2025-06","sales":23895},{"month":"2025-07","sales":23713},{"month":"2025-08","sales":20487},{"month":"2025-09","sales":10056},{"month":"2025-10","sales":17497},{"month":"2025-11","sales":15422},{"month":"2025-12","sales":7254},{"month":"2026-01","sales":6098},{"month":"2026-02","sales":12869}]},{"titleKR":"가슴 큰 과장님과 게임을 [판면/화별]","titleJP":"堅物上司に今日もイン！【分冊版】","seriesName":"","totalSales":193320,"platforms":[{"name":"cmoa","sales":184800},{"name":"DMM","sales":8520}],"dailyAvg":1876.89,"peakDate":"2025-10-03","peakSales":9840,"firstDate":"2025-10-01","lastDate":"2026-02-22","monthlyTrend":[{"month":"2025-10","sales":67440},{"month":"2025-11","sales":23520},{"month":"2025-12","sales":40800},{"month":"2026-01","sales":47160},{"month":"2026-02","sales":14400}]},{"titleKR":"내 맘 같지 않아 [판면/화별]","titleJP":"僕に教えて【分冊版】","seriesName":"僕に教えて【分冊版】","totalSales":180120,"platforms":[{"name":"ebookjapan","sales":67320},{"name":"LINEマンガ","sales":63720},{"name":"DMM（FANZA）","sales":35880},{"name":"Renta","sales":13080},{"name":"DMM","sales":120}],"dailyAvg":1957.83,"peakDate":"2025-08-01","peakSales":60360,"firstDate":"2025-04-02","lastDate":"2026-01-11","monthlyTrend":[{"month":"2025-04","sales":20760},{"month":"2025-05","sales":38640},{"month":"2025-06","sales":19560},{"month":"2025-07","sales":20040},{"month":"2025-08","sales":78240},{"month":"2025-09","sales":2760},{"month":"2026-01","sales":120}]},{"titleKR":"실수로 적을 구해버렸다","titleJP":"不覚にも敵を救ってしまった","seriesName":"不覚にも敵を救ってしまった","totalSales":176958,"platforms":[{"name":"Mechacomic","sales":71797},{"name":"cmoa","sales":60085},{"name":"piccoma","sales":45076}],"dailyAvg":716.43,"peakDate":"2026-01-11","peakSales":6710,"firstDate":"2025-03-01","lastDate":"2026-02-22","monthlyTrend":[{"month":"2025-03","sales":21886},{"month":"2025-04","sales":24871},{"month":"2025-05","sales":17318},{"month":"2025-06","sales":7194},{"month":"2025-07","sales":10546},{"month":"2025-08","sales":8476},{"month":"2025-09","sales":3843},{"month":"2025-10","sales":11285},{"month":"2025-11","sales":17688},{"month":"2025-12","sales":14145},{"month":"2026-01","sales":27751},{"month":"2026-02","sales":11955}]},{"titleKR":"로열패밀리","titleJP":"ロイヤルファミリー","seriesName":"","totalSales":176400,"platforms":[{"name":"cmoa","sales":176400}],"dailyAvg":19600,"peakDate":"2026-02-09","peakSales":27930,"firstDate":"2026-02-01","lastDate":"2026-02-22","monthlyTrend":[{"month":"2026-02","sales":176400}]},{"titleKR":"향현문자[판면/화별]","titleJP":"響弦文字 [完全版]【連載版】","seriesName":"響弦文字 【連載版】","totalSales":171260,"platforms":[{"name":"cmoa","sales":100080},{"name":"LINEマンガ","sales":39420},{"name":"Renta","sales":31760}],"dailyAvg":2446.57,"peakDate":"2025-05-18","peakSales":14600,"firstDate":"2025-03-01","lastDate":"2026-02-18","monthlyTrend":[{"month":"2025-03","sales":12780},{"month":"2025-04","sales":900},{"month":"2025-05","sales":50300},{"month":"2025-06","sales":12960},{"month":"2025-07","sales":45720},{"month":"2025-08","sales":15480},{"month":"2025-09","sales":5940},{"month":"2025-10","sales":11700},{"month":"2025-11","sales":540},{"month":"2025-12","sales":7200},{"month":"2026-01","sales":7200},{"month":"2026-02","sales":540}]},{"titleKR":"심장을 꿰뚫은 독니","titleJP":"心臓を貫く毒牙","seriesName":"心臓を貫く毒牙","totalSales":160837,"platforms":[{"name":"piccoma","sales":110077},{"name":"Mechacomic","sales":50760}],"dailyAvg":908.68,"peakDate":"2025-06-03","peakSales":5641,"firstDate":"2025-03-04","lastDate":"2026-02-21","monthlyTrend":[{"month":"2025-03","sales":4560},{"month":"2025-04","sales":10404},{"month":"2025-05","sales":15495},{"month":"2025-06","sales":37973},{"month":"2025-07","sales":18322},{"month":"2025-08","sales":9007},{"month":"2025-09","sales":9876},{"month":"2025-10","sales":18055},{"month":"2025-11","sales":8270},{"month":"2025-12","sales":5746},{"month":"2026-01","sales":16293},{"month":"2026-02","sales":6836}]},{"titleKR":"남자 귀신 주웠더니 솔로 탈출!","titleJP":"男の幽霊を拾ったらソロ脱出しました","seriesName":"男の幽霊","totalSales":144213,"platforms":[{"name":"Mechacomic","sales":81130},{"name":"piccoma","sales":49663},{"name":"cmoa","sales":13420}],"dailyAvg":526.32,"peakDate":"2025-07-16","peakSales":5246,"firstDate":"2025-03-01","lastDate":"2026-02-21","monthlyTrend":[{"month":"2025-03","sales":6221},{"month":"2025-04","sales":9209},{"month":"2025-05","sales":23050},{"month":"2025-06","sales":8292},{"month":"2025-07","sales":22139},{"month":"2025-08","sales":22313},{"month":"2025-09","sales":6527},{"month":"2025-10","sales":15294},{"month":"2025-11","sales":9698},{"month":"2025-12","sales":7928},{"month":"2026-01","sales":9089},{"month":"2026-02","sales":4453}]},{"titleKR":"죄와 벌[개정판]","titleJP":"罪と罰～すべては合意の上～[改訂版]","seriesName":"","totalSales":139650,"platforms":[{"name":"Mechacomic","sales":139650}],"dailyAvg":1225,"peakDate":"2025-09-19","peakSales":8680,"firstDate":"2025-09-14","lastDate":"2026-02-18","monthlyTrend":[{"month":"2025-09","sales":57680},{"month":"2025-10","sales":35000},{"month":"2025-11","sales":15610},{"month":"2025-12","sales":8610},{"month":"2026-01","sales":14980},{"month":"2026-02","sales":7770}]},{"titleKR":"기린화","titleJP":"麒麟華 ～君に赤く染まった私～","seriesName":"","totalSales":120610,"platforms":[{"name":"cmoa","sales":120610}],"dailyAvg":886.84,"peakDate":"2025-06-21","peakSales":10850,"firstDate":"2025-06-01","lastDate":"2026-02-22","monthlyTrend":[{"month":"2025-06","sales":43190},{"month":"2025-07","sales":7560},{"month":"2025-08","sales":13020},{"month":"2025-09","sales":9940},{"month":"2025-10","sales":8330},{"month":"2025-11","sales":9730},{"month":"2025-12","sales":5670},{"month":"2026-01","sales":21770},{"month":"2026-02","sales":1400}]},{"titleKR":"시한부인 줄 알았어요! [판면/화별]","titleJP":"余命僅かだと思ってました！【分冊版】","seriesName":"","totalSales":118080,"platforms":[{"name":"cmoa","sales":118080}],"dailyAvg":16868.57,"peakDate":"2026-02-17","peakSales":37980,"firstDate":"2026-02-16","lastDate":"2026-02-22","monthlyTrend":[{"month":"2026-02","sales":118080}]},{"titleKR":"Devil's Luck","titleJP":"Devil's Luck ~悪魔と私の復讐劇~","seriesName":"Devil's Luck","totalSales":116764,"platforms":[{"name":"Mechacomic","sales":59597},{"name":"piccoma","sales":46675},{"name":"cmoa","sales":6710},{"name":"U-NEXT","sales":3294},{"name":"DMM","sales":488}],"dailyAvg":621.09,"peakDate":"2025-06-28","peakSales":4586,"firstDate":"2025-03-01","lastDate":"2026-02-21","monthlyTrend":[{"month":"2025-03","sales":14310},{"month":"2025-04","sales":9181},{"month":"2025-05","sales":15044},{"month":"2025-06","sales":21558},{"month":"2025-07","sales":9805},{"month":"2025-08","sales":8182},{"month":"2025-09","sales":7562},{"month":"2025-10","sales":8415},{"month":"2025-11","sales":6281},{"month":"2025-12","sales":5195},{"month":"2026-01","sales":7273},{"month":"2026-02","sales":3958}]},{"titleKR":"일상생활 가능하세요?","titleJP":"日常生活可能ですか？","seriesName":"日常生活","totalSales":108592,"platforms":[{"name":"Mechacomic","sales":55022},{"name":"piccoma","sales":38198},{"name":"cmoa","sales":12078},{"name":"U-NEXT","sales":3294}],"dailyAvg":509.82,"peakDate":"2026-01-20","peakSales":4941,"firstDate":"2025-03-03","lastDate":"2026-02-22","monthlyTrend":[{"month":"2025-03","sales":12990},{"month":"2025-04","sales":10368},{"month":"2025-05","sales":1950},{"month":"2025-06","sales":7191},{"month":"2025-07","sales":10728},{"month":"2025-08","sales":10179},{"month":"2025-09","sales":8905},{"month":"2025-10","sales":7070},{"month":"2025-11","sales":10299},{"month":"2025-12","sales":3902},{"month":"2026-01","sales":18117},{"month":"2026-02","sales":6893}]},{"titleKR":"비밀X가족 - 백발 마존, 성황과 결혼하다!","titleJP":"秘密×家族  ~絶対にバレてはいけない偽装生活~","seriesName":"秘密×家族","totalSales":87436,"platforms":[{"name":"Mechacomic","sales":70577},{"name":"piccoma","sales":9661},{"name":"U-NEXT","sales":7137},{"name":"cmoa","sales":61}],"dailyAvg":446.1,"peakDate":"2025-06-30","peakSales":4331,"firstDate":"2025-03-01","lastDate":"2026-02-22","monthlyTrend":[{"month":"2025-03","sales":8099},{"month":"2025-04","sales":7675},{"month":"2025-05","sales":7902},{"month":"2025-06","sales":10237},{"month":"2025-07","sales":8034},{"month":"2025-08","sales":8113},{"month":"2025-09","sales":6832},{"month":"2025-10","sales":6587},{"month":"2025-11","sales":5412},{"month":"2025-12","sales":6104},{"month":"2026-01","sales":6665},{"month":"2026-02","sales":5776}]},{"titleKR":"나의 직원이 되어라 - 종말에서 살아남기","titleJP":"世紀末カンパニー〜俺の部下になれ〜","seriesName":"世紀末カンパニー","totalSales":84239,"platforms":[{"name":"piccoma","sales":49530},{"name":"Mechacomic","sales":34648},{"name":"cmoa","sales":61}],"dailyAvg":597.44,"peakDate":"2025-11-09","peakSales":6700,"firstDate":"2025-03-01","lastDate":"2026-02-22","monthlyTrend":[{"month":"2025-03","sales":4328},{"month":"2025-04","sales":5973},{"month":"2025-05","sales":13890},{"month":"2025-06","sales":6038},{"month":"2025-07","sales":13599},{"month":"2025-08","sales":8652},{"month":"2025-09","sales":2196},{"month":"2025-10","sales":3657},{"month":"2025-11","sales":15843},{"month":"2025-12","sales":7442},{"month":"2026-01","sales":366},{"month":"2026-02","sales":2255}]},{"titleKR":"솔티러스트[판면/화별]","titleJP":"ソルティラスト【分冊版】","seriesName":"ソルティラスト【分冊版】","totalSales":81720,"platforms":[{"name":"LINEマンガ","sales":40920},{"name":"cmoa","sales":36360},{"name":"ebookjapan","sales":2640},{"name":"Renta","sales":1800}],"dailyAvg":2553.75,"peakDate":"2025-04-01","peakSales":20520,"firstDate":"2025-03-26","lastDate":"2026-02-20","monthlyTrend":[{"month":"2025-03","sales":7440},{"month":"2025-04","sales":21360},{"month":"2025-05","sales":11520},{"month":"2025-06","sales":10080},{"month":"2025-07","sales":1200},{"month":"2025-08","sales":13320},{"month":"2025-09","sales":4920},{"month":"2025-10","sales":4320},{"month":"2025-11","sales":120},{"month":"2026-01","sales":6360},{"month":"2026-02","sales":1080}]},{"titleKR":"딸이 너랑 동갑인데?!","titleJP":"おかず屋さんのママ店長にばぶりしゃす","seriesName":"","totalSales":62020,"platforms":[{"name":"DMM（FANZA）","sales":49840},{"name":"DMM","sales":12180}],"dailyAvg":2138.62,"peakDate":"2025-09-14","peakSales":6160,"firstDate":"2025-08-24","lastDate":"2026-01-11","monthlyTrend":[{"month":"2025-08","sales":12145},{"month":"2025-09","sales":37695},{"month":"2026-01","sales":12180}]},{"titleKR":"내 여자친구를 더럽혀줘","titleJP":"俺の彼女を汚して","seriesName":"","totalSales":56770,"platforms":[{"name":"cmoa","sales":56770}],"dailyAvg":1234.13,"peakDate":"2026-01-19","peakSales":3850,"firstDate":"2025-12-21","lastDate":"2026-02-22","monthlyTrend":[{"month":"2025-12","sales":11830},{"month":"2026-01","sales":34370},{"month":"2026-02","sales":10570}]},{"titleKR":"스위치온[개정판]","titleJP":"スイッチ・オン［改訂版］","seriesName":"","totalSales":49700,"platforms":[{"name":"Mechacomic","sales":49700}],"dailyAvg":3313.33,"peakDate":"2026-02-08","peakSales":7980,"firstDate":"2026-02-08","lastDate":"2026-02-22","monthlyTrend":[{"month":"2026-02","sales":49700}]},{"titleKR":"죄와 벌","titleJP":"罪と罰～すべては合意の上～","seriesName":"罪と罰","totalSales":42070,"platforms":[{"name":"cmoa","sales":42070}],"dailyAvg":1026.1,"peakDate":"2025-10-19","peakSales":9100,"firstDate":"2025-10-19","lastDate":"2026-02-21","monthlyTrend":[{"month":"2025-10","sales":19460},{"month":"2025-11","sales":6230},{"month":"2025-12","sales":5110},{"month":"2026-01","sales":7560},{"month":"2026-02","sales":3710}]},{"titleKR":"도굴왕(웹소설)","titleJP":"盗掘王（ノベル）","seriesName":"盗掘王(ノベル）","totalSales":30032,"platforms":[{"name":"piccoma","sales":30032}],"dailyAvg":170.64,"peakDate":"2025-08-16","peakSales":2721,"firstDate":"2025-03-03","lastDate":"2026-02-22","monthlyTrend":[{"month":"2025-03","sales":3532},{"month":"2025-04","sales":1974},{"month":"2025-05","sales":2535},{"month":"2025-06","sales":5329},{"month":"2025-07","sales":1563},{"month":"2025-08","sales":5668},{"month":"2025-09","sales":1230},{"month":"2025-10","sales":1491},{"month":"2025-11","sales":1192},{"month":"2025-12","sales":1269},{"month":"2026-01","sales":559},{"month":"2026-02","sales":3690}]},{"titleKR":"하녀갱생 ","titleJP":"召使い更生道","seriesName":"","totalSales":29330,"platforms":[{"name":"cmoa","sales":29330}],"dailyAvg":1333.18,"peakDate":"2026-02-16","peakSales":7630,"firstDate":"2025-12-07","lastDate":"2026-02-22","monthlyTrend":[{"month":"2025-12","sales":8750},{"month":"2026-01","sales":12320},{"month":"2026-02","sales":8260}]},{"titleKR":"이웃사촌","titleJP":"小悪魔なお隣さん","seriesName":"","totalSales":29120,"platforms":[{"name":"Mechacomic","sales":29120}],"dailyAvg":1941.33,"peakDate":"2026-02-21","peakSales":5600,"firstDate":"2026-02-08","lastDate":"2026-02-22","monthlyTrend":[{"month":"2026-02","sales":29120}]},{"titleKR":"회장님 늦둥이","titleJP":"リベンジ・タイムリープ","seriesName":"","totalSales":26110,"platforms":[{"name":"cmoa","sales":26110}],"dailyAvg":3730,"peakDate":"2026-02-17","peakSales":8050,"firstDate":"2026-02-16","lastDate":"2026-02-22","monthlyTrend":[{"month":"2026-02","sales":26110}]},{"titleKR":"자취방 누나들 ","titleJP":"ワケあり姉妹の恋模様","seriesName":"","totalSales":23450,"platforms":[{"name":"cmoa","sales":23450}],"dailyAvg":651.39,"peakDate":"2026-02-16","peakSales":5110,"firstDate":"2025-12-07","lastDate":"2026-02-22","monthlyTrend":[{"month":"2025-12","sales":5600},{"month":"2026-01","sales":12390},{"month":"2026-02","sales":5460}]},{"titleKR":"여동생이 최고야","titleJP":"喧嘩するほどナカが良い！","seriesName":"","totalSales":23345,"platforms":[{"name":"DMM（FANZA）","sales":21105},{"name":"DMM","sales":2240}],"dailyAvg":933.8,"peakDate":"2025-09-07","peakSales":3220,"firstDate":"2025-08-24","lastDate":"2026-01-11","monthlyTrend":[{"month":"2025-08","sales":3885},{"month":"2025-09","sales":17220},{"month":"2026-01","sales":2240}]},{"titleKR":"성인웹툰 속 엑스트라가 되었다 [판면/화별]","titleJP":"異世界転生したらオトナな漫画のモブでした【分冊版】","seriesName":"","totalSales":22200,"platforms":[{"name":"cmoa","sales":22200}],"dailyAvg":2775,"peakDate":"2026-02-15","peakSales":6120,"firstDate":"2026-02-15","lastDate":"2026-02-22","monthlyTrend":[{"month":"2026-02","sales":22200}]},{"titleKR":"울프트랩[완전판]","titleJP":"幼なじみのエロトラップ～発情した狼は甘すぎる～ [完全版]","seriesName":"","totalSales":15375,"platforms":[{"name":"cmoa","sales":15375}],"dailyAvg":15375,"peakDate":"2025-06-01","peakSales":15375,"firstDate":"2025-06-01","lastDate":"2025-06-01","monthlyTrend":[{"month":"2025-06","sales":15375}]},{"titleKR":"남편을 죽여줘요 [완전판] [판면/화별]","titleJP":"夫を殺して［完全版］【分冊版】","seriesName":"","totalSales":13680,"platforms":[{"name":"cmoa","sales":13680}],"dailyAvg":684,"peakDate":"2025-12-04","peakSales":3420,"firstDate":"2025-11-24","lastDate":"2026-02-19","monthlyTrend":[{"month":"2025-11","sales":1900},{"month":"2025-12","sales":6270},{"month":"2026-01","sales":4750},{"month":"2026-02","sales":760}]},{"titleKR":"재수학원","titleJP":"浪人学院","seriesName":"","totalSales":9100,"platforms":[{"name":"cmoa","sales":9100}],"dailyAvg":4550,"peakDate":"2026-02-22","peakSales":5880,"firstDate":"2026-02-15","lastDate":"2026-02-22","monthlyTrend":[{"month":"2026-02","sales":9100}]},{"titleKR":"물 속을 떠도는 별","titleJP":"Star★Split ～運命の星を探して～","seriesName":"Star★Split","totalSales":6954,"platforms":[{"name":"LINEマンガ","sales":4392},{"name":"Mechacomic","sales":1342},{"name":"cmoa","sales":915},{"name":"ebookjapan","sales":183},{"name":"piccoma","sales":122}],"dailyAvg":496.71,"peakDate":"2025-05-01","peakSales":2745,"firstDate":"2025-04-13","lastDate":"2026-02-22","monthlyTrend":[{"month":"2025-04","sales":915},{"month":"2025-05","sales":3111},{"month":"2025-06","sales":1952},{"month":"2025-07","sales":183},{"month":"2025-08","sales":366},{"month":"2025-09","sales":244},{"month":"2026-01","sales":61},{"month":"2026-02","sales":122}]},{"titleKR":"아가씨는 제가 지킵니다","titleJP":"お嬢様は私がお守りいたします","seriesName":"","totalSales":4340,"platforms":[{"name":"cmoa","sales":4340}],"dailyAvg":1085,"peakDate":"2026-02-18","peakSales":2240,"firstDate":"2026-02-16","lastDate":"2026-02-22","monthlyTrend":[{"month":"2026-02","sales":4340}]},{"titleKR":"필리아로제 - 가시왕관의 예언 [판면/화별]","titleJP":"フィリアローゼ～いばらの冠の予言～【分冊版】","seriesName":"","totalSales":180,"platforms":[{"name":"cmoa","sales":180}],"dailyAvg":180,"peakDate":"2026-02-18","peakSales":180,"firstDate":"2026-02-18","lastDate":"2026-02-18","monthlyTrend":[{"month":"2026-02","sales":180}]},{"titleKR":"물 속을 떠도는 별","titleJP":"Star★Split ～運命の星を探して～ ","seriesName":"Star★Split","totalSales":122,"platforms":[{"name":"U-NEXT","sales":122}],"dailyAvg":122,"peakDate":"2025-04-30","peakSales":122,"firstDate":"2025-04-30","lastDate":"2025-04-30","monthlyTrend":[{"month":"2025-04","sales":122}]}]